2400 4590
221 532 235 552 ··
316 506 392 591 n'n
420 502 883 597 ,Menenium
1052 528 1119 601 rsr

67 650 246 737 vinonio
261 658 601 759 alidedeprebenfi,
625 664 864 757 verebantur,
888 684 936 739 ne
944 684 1022 741 non
1034 668 1122 755 lice2

64 774 123 837 ret
147 762 200 835 eis
224 764 454 839 matrimonio
478 763 542 838 suo
566 764 695 841 exinde
714 763 785 839 uti:
818 763 901 857 quia
920 764 958 837 in
978 786 1120 847 tamem

63 858 218 937 sanum
239 858 367 937 Christi
388 862 635 960 credidissent,
659 862 828 939 &tamen
845 861 1037 939 secundum
1056 892 1119 943 ve·

63 962 161 1037 niam
176 962 370 1056 concedit,
394 985 470 1039 non
487 960 677 1047 secundum
690 963 893 1059 imperium:
917 962 1044 1063 idest,
1066 968 1118 1039 in·

63 1060 243 1157 dulgent,
268 1082 347 1135 non
367 1066 573 1159 precipiens
592 1067 644 1139 ita
665 1060 755 1141 sreri.
816 1062 994 1139 Ceterum
1013 1066 1119 1139 male·

65 1160 128 1235 bat
148 1180 276 1233 omnes
296 1161 334 1234 id
356 1162 449 1260 else,
474 1164 573 1257 quod
591 1164 723 1259 &ipse
783 1163 937 1239 Proinde
954 1160 1050 1239 &de
1064 1183 1118 1237 re-

63 1258 178 1353 pudio
198 1260 414 1359 rescribens,
439 1264 676 1357 demonstrat,
703 1265 877 1357 quosdam
892 1262 936 1337 de
948 1260 1017 1337 isto
1029 1283 1120 1357 quo·

66 1378 139 1451 que
158 1360 348 1455 cogitasse:
379 1366 439 1440 vel
458 1366 630 1457 maxime,
657 1364 793 1459 quia&
814 1364 853 1435 in
875 1362 1025 1437 ethnicis
1045 1384 1119 1437 ma·

63 1458 244 1531 trimoniis
254 1482 331 1535 non
342 1464 604 1558 putabautpost
614 1462 720 1541 fidem
731 1462 793 1539 fibi
802 1460 1115 1558 perseverandum:

65 1558 364 1651 querebantdtde
373 1563 569 1659 virginibus
577 1564 772 1641 consilium.
792 1563 1013 1657 Praeceptum
1022 1564 1116 1639 enim

63 1656 199 1731 domini
214 1679 293 1733 non
304 1676 395 1756 erat,
409 1665 545 1739 bonum
558 1662 628 1739 elie
638 1664 790 1755 homini,
801 1662 827 1737 fi
838 1664 886 1737 fic
897 1676 1115 1755 permaneat,

62 1758 187 1849 utique
200 1761 388 1849 quomodo
410 1760 518 1837 afide
537 1762 647 1837 suerit
663 1764 844 1839 inventus.
901 1760 1051 1835 Vindius
1074 1782 1114 1837 er

64 1856 157 1931 enim
177 1860 304 1949 uxori,
329 1862 559 1953 nequesrerin
573 1860 800 1937 solutionem.
849 1860 998 1936 Solutus
1014 1883 1052 1935 es
1068 1862 1114 1937 ab

63 1974 193 2050 uxore,
206 1978 254 2031 ne
271 1958 442 2048 quesieris
456 1982 619 2039 uxorem.
643 1960 682 2035 Si
695 1978 814 2036 autem
827 1963 1007 2055 acceperis
1023 1981 1113 2039 uxo.-

61 2072 149 2147 rem,
165 2077 243 2129 non
256 2056 446 2151 deliquisti:
469 2061 552 2154 quia
565 2072 648 2137 ante
663 2058 770 2137 fidem
783 2059 903 2135 soluto
919 2063 963 2135 ab
980 2079 1113 2155 uxore,

61 2173 134 2227 nun
148 2159 393 2234 numerabitur
403 2159 484 2253 post
493 2158 600 2235 sidem
613 2158 763 2235 secunda
772 2182 880 2253 uxor,
892 2183 968 2254 quae
982 2154 1111 2253 postli-

61 2252 138 2329 dem
153 2261 266 2349 prima
281 2256 349 2330 est:
371 2281 391 2331 a
408 2257 479 2333 ilde
495 2261 588 2334 enim
602 2262 707 2335 etiam
720 2259 793 2358 ipsa
803 2263 879 2333 vita
893 2261 1013 2335 nostra
1029 2281 1111 2333 cen·

62 2351 171 2427 setur:
198 2356 257 2431 sed
276 2358 333 2429 hic
349 2380 495 2450 parcere
510 2359 544 2434 se
561 2360 649 2433 dicit
660 2362 740 2437 illis.
791 2360 965 2453 Alioquin
979 2358 1110 2453 pressu·

58 2471 128 2527 ram
144 2459 261 2530 carnis
274 2455 557 2550 subsequuturam
570 2483 641 2553 prae
653 2460 815 2556 augustiis
832 2476 1035 2553 temporum
1046 2460 1109 2533 im·

58 2554 262 2643 pedimenta
284 2560 498 2632 matrimonii
522 2559 787 2650 recusantibus,
823 2560 907 2651 quin
925 2561 1045 2653 potius
1063 2558 1108 2632 de

58 2652 206 2729 domino
223 2656 491 2731 sollicitudinem
504 2658 700 2731 habendam
714 2660 978 2750 promerendo,
1004 2676 1108 2745 quam

58 2751 99 2825 de
116 2756 260 2830 marito.
312 2755 361 2827 Et
378 2757 428 2829 ita
445 2771 599 2828 revocat
616 2756 715 2846 quod
730 2756 894 2846 permisit.
946 2754 1003 2826 Sic
1021 2773 1106 2847 crgo

57 2854 90 2925 in
112 2856 244 2928 eodem
262 2856 336 2951 ipso
358 2855 542 2948 capitulO,
573 2876 645 2946 quo
668 2850 792 2927 definit
808 2873 1107 2945 unumquemque,

55 2953 91 3024 in
106 2975 177 3045 qua
190 2956 389 3030 vocatione
405 2955 614 3047 vocabitur,
632 2956 669 3029 in
682 2977 724 3029 ea
736 2974 943 3049 permanere
957 2951 1105 3027 deberet

56 3052 225 3144 adjiciens
237 3059 361 3127 Mulier
372 3055 485 3125 uiuida
496 3056 534 3151 est
547 3058 792 3151 quamdiuvivir
805 3061 862 3127 vir
873 3053 938 3152 ejus
947 3078 955 3124 :
964 3054 993 3149 fi
1000 3069 1105 3125 aurem

55 3153 239 3239 dormierit,
264 3157 362 3226 libere
377 3156 433 3244 eli:
462 3161 510 3222 cui
528 3156 612 3225 volu
626 3156 746 3237 nubet,
774 3172 901 3226 lantum
916 3158 953 3224 in
969 3155 1103 3235 domino,

53 3248 138 3323 binc
159 3274 306 3346 quoque
329 3277 404 3327 eam
427 3252 643 3327 demonstrat
664 3253 947 3351 intelligendam,
974 3273 1050 3343 quae
1069 3250 1104 3321 dt

53 3346 129 3441 ipsa
147 3353 195 3425 src
217 3353 326 3426 fucrit
345 3356 521 3447 inventa,
556 3351 671 3425 soluta
690 3375 710 3426 a
729 3355 834 3446 viro,
861 3350 1046 3444 quomodo
1069 3346 1103 3427 δι

54 3450 113 3521 vir
134 3450 269 3526 solutus
295 3455 338 3527 ab
359 3474 493 3526 uxore:
519 3473 581 3544 per
601 3465 754 3525 mortem
773 3456 918 3544 utique,
942 3469 1018 3520 non
1038 3465 1102 3539 per

51 3550 240 3643 repudium
264 3552 353 3626 falla
376 3552 573 3625 solutione:
607 3555 687 3642 quia
711 3552 902 3645 repudiatis
925 3568 1001 3619 non
1023 3566 1101 3639 pcr-

51 3652 214 3723 mitteret
228 3655 362 3726 nubere
379 3651 544 3724 adversus
561 3649 741 3744 pristinum
758 3662 984 3745 preceptum.
1032 3644 1102 3717 lta·

54 3770 123 3840 que
139 3752 265 3823 mulier
283 3753 305 3824 sr
326 3747 502 3843 nupserit,
536 3770 611 3823 non
632 3749 829 3841 delinquet:
857 3749 936 3838 quia
955 3764 1022 3816 nec
1040 3744 1100 3817 hic

52 3846 226 3923 secundus
243 3852 387 3924 maritus
403 3848 654 3943 deputabitur,
681 3852 738 3942 qui
758 3849 843 3922 ella
862 3844 932 3917 fide
951 3844 1098 3938 primus,

52 3950 87 4021 dt
98 3950 190 4022 adeo
202 3950 250 4023 src
264 3950 327 4039 est,
342 3964 384 4021 ut
395 3966 589 4044 propterca
601 3950 769 4039 adjecerit
779 3964 908 4016 taurum
918 3947 1097 4015 indometa.

52 4050 149 4147 Quia
173 4050 284 4125 deca
310 4050 500 4142 agebatur,
536 4070 613 4138 quae
636 4047 816 4119 ethnicum
839 4045 1027 4134 babuerat,
1063 4041 1099 4113 dt

52 4149 174 4227 amisso
199 4170 246 4224 eo
271 4146 496 4244 crediderat,
531 4146 734 4319 nRscilicet
759 4145 863 4221 etiam
885 4140 1099 4311 positlssdem

618 4268 644 4338 4
936 4264 955 4313 c
983 4262 1048 4312 rr·
