<?xml version="1.0" encoding="UTF-8"?>
<!DOCTYPE html PUBLIC "-//W3C//DTD XHTML 1.0 Transitional//EN"
    "http://www.w3.org/TR/xhtml1/DTD/xhtml1-transitional.dtd">
<html xmlns="http://www.w3.org/1999/xhtml" xml:lang="en" lang="en">
 <head>
  <title>
</title>
<meta http-equiv="Content-Type" content="text/html;charset=utf-8" />
  <meta name='ocr-system' content='tesseract 3.04.00' />
  <meta name='ocr-capabilities' content='ocr_page ocr_carea ocr_par ocr_line ocrx_word'/>
</head>
<body>
  <div class='ocr_page' id='page_1' title='image "./operaomniasanct03librgoog_0625.png"; bbox 0 0 2400 4590; ppageno 0'>
   <div class='ocr_carea' id='block_1_1' title="bbox 104 532 1102 640">
    <p class='ocr_par' dir='ltr' id='par_1_1' title="bbox 104 532 1102 640">
     <span class='ocr_line' id='line_1_1' title="bbox 104 532 1102 640; baseline 0 -22"><span class='ocrx_word' id='word_1_1' title='bbox 104 542 181 619; x_wconf 80' lang='lat'><strong>606</strong></span> <span class='ocrx_word' id='word_1_2' title='bbox 253 537 303 640; x_wconf 89' lang='lat' dir='ltr'><strong>Q.</strong></span> <span class='ocrx_word' id='word_1_3' title='bbox 327 534 461 613; x_wconf 78' lang='lat' dir='ltr'><strong>Sere.</strong></span> <span class='ocrx_word' id='word_1_4' title='bbox 485 532 624 613; x_wconf 80' lang='lat' dir='ltr'><strong>Ftor.</strong></span> <span class='ocrx_word' id='word_1_5' title='bbox 650 534 1023 617; x_wconf 74' lang='lat' dir='ltr'><strong>Traruttratrt</strong></span> <span class='ocrx_word' id='word_1_6' title='bbox 1093 536 1102 559; x_wconf 61' lang='lat'>⁸</span> 
     </span>
    </p>
   </div>
   <div class='ocr_carea' id='block_1_2' title="bbox 102 697 1173 4175">
    <p class='ocr_par' dir='ltr' id='par_1_2' title="bbox 105 697 1173 3677">
     <span class='ocr_line' id='line_1_2' title="bbox 105 697 1173 793; baseline 0.002 -19"><span class='ocrx_word' id='word_1_7' title='bbox 105 702 235 775; x_wconf 75' lang='lat' dir='ltr'><strong>indutu</strong></span> <span class='ocrx_word' id='word_1_8' title='bbox 255 698 518 793; x_wconf 62' lang='lat' dir='ltr'><strong>deterrentium,</strong></span> <span class='ocrx_word' id='word_1_9' title='bbox 552 697 591 776; x_wconf 69' lang='lat' dir='ltr'><em>U</em></span> <span class='ocrx_word' id='word_1_10' title='bbox 614 702 746 770; x_wconf 63' lang='lat' dir='ltr'><strong>mortale</strong></span> <span class='ocrx_word' id='word_1_11' title='bbox 769 700 849 789; x_wconf 72' lang='lat' dir='ltr'><strong>iliud</strong></span> <span class='ocrx_word' id='word_1_12' title='bbox 870 704 1173 775; x_wconf 73' lang='lat' dir='ltr'><strong>immortalitem:-</strong></span> 
     </span>
     <span class='ocr_line' id='line_1_3' title="bbox 105 797 1167 890; baseline 0.001 -13"><span class='ocrx_word' id='word_1_13' title='bbox 105 822 186 879; x_wconf 89' lang='lat' dir='ltr'><strong>non</strong></span> <span class='ocrx_word' id='word_1_14' title='bbox 205 800 354 875; x_wconf 85' lang='lat' dir='ltr'>iteravit</span> <span class='ocrx_word' id='word_1_15' title='bbox 377 798 608 890; x_wconf 85' lang='lat' dir='ltr'><strong>sententiam,</strong></span> <span class='ocrx_word' id='word_1_16' title='bbox 641 797 699 871; x_wconf 90' lang='lat' dir='ltr'><strong>sed</strong></span> <span class='ocrx_word' id='word_1_17' title='bbox 721 798 959 873; x_wconf 88' lang='lat' dir='ltr'><strong>differentiam</strong></span> <span class='ocrx_word' id='word_1_18' title='bbox 985 802 1167 877; x_wconf 82' lang='lat' dir='ltr'><strong>demanda·</strong></span> 
     </span>
     <span class='ocr_line' id='line_1_4' title="bbox 105 896 1165 995; baseline 0.002 -20"><span class='ocrx_word' id='word_1_19' title='bbox 105 902 176 977; x_wconf 85' lang='lat' dir='ltr'><strong>vit</strong></span> <span class='ocrx_word' id='word_1_20' title='bbox 234 898 544 972; x_wconf 86' lang='lat' dir='ltr'><strong>Immortalitatem</strong></span> <span class='ocrx_word' id='word_1_21' title='bbox 568 900 662 970; x_wconf 87' lang='lat' dir='ltr'><strong>enim</strong></span> <span class='ocrx_word' id='word_1_22' title='bbox 688 897 732 971; x_wconf 91' lang='lat' dir='ltr'><strong>ad</strong></span> <span class='ocrx_word' id='word_1_23' title='bbox 757 896 996 975; x_wconf 86' lang='lat' dir='ltr'><strong>rescillionem</strong></span> <span class='ocrx_word' id='word_1_24' title='bbox 1022 904 1165 995; x_wconf 82' lang='lat' dir='ltr'><strong>mortis,</strong></span> 
     </span>
     <span class='ocr_line' id='line_1_5' title="bbox 105 997 1166 1094; baseline 0.002 -19"><span class='ocrx_word' id='word_1_25' title='bbox 105 998 389 1094; x_wconf 85' lang='lat' dir='ltr'><strong>incorruptelam</strong></span> <span class='ocrx_word' id='word_1_26' title='bbox 406 997 449 1070; x_wconf 93' lang='lat' dir='ltr'><strong>ad</strong></span> <span class='ocrx_word' id='word_1_27' title='bbox 465 997 758 1071; x_wconf 78' lang='lat' dir='ltr'><strong>obliterationem</strong></span> <span class='ocrx_word' id='word_1_28' title='bbox 776 1002 997 1091; x_wconf 77' lang='lat' dir='ltr'><strong>corruptelae</strong></span> <span class='ocrx_word' id='word_1_29' title='bbox 1010 1002 1166 1077; x_wconf 89' lang='lat' dir='ltr'><strong>dividen-</strong></span> 
     </span>
     <span class='ocr_line' id='line_1_6' title="bbox 108 1092 1166 1189; baseline 0.002 -14"><span class='ocrx_word' id='word_1_30' title='bbox 108 1098 181 1175; x_wconf 88' lang='lat' dir='ltr'><strong>do:</strong></span> <span class='ocrx_word' id='word_1_31' title='bbox 213 1098 360 1170; x_wconf 85' lang='lat' dir='ltr'><strong>alteram</strong></span> <span class='ocrx_word' id='word_1_32' title='bbox 384 1095 427 1169; x_wconf 91' lang='lat' dir='ltr'><strong>ad</strong></span> <span class='ocrx_word' id='word_1_33' title='bbox 449 1092 766 1189; x_wconf 73' lang='lat' dir='ltr'><strong>resurreiiionem,</strong></span> <span class='ocrx_word' id='word_1_34' title='bbox 791 1100 940 1171; x_wconf 88' lang='lat' dir='ltr'><strong>alteram</strong></span> <span class='ocrx_word' id='word_1_35' title='bbox 957 1101 1000 1171; x_wconf 89' lang='lat' dir='ltr'><strong>ad</strong></span> <span class='ocrx_word' id='word_1_36' title='bbox 1016 1102 1166 1177; x_wconf 88' lang='lat' dir='ltr'><strong>redinte-</strong></span> 
     </span>
     <span class='ocr_line' id='line_1_7' title="bbox 106 1193 1164 1297; baseline 0.006 -30"><span class='ocrx_word' id='word_1_37' title='bbox 106 1196 307 1297; x_wconf 72' lang='lat' dir='ltr'><strong>grationem</strong></span> <span class='ocrx_word' id='word_1_38' title='bbox 335 1197 562 1289; x_wconf 89' lang='lat' dir='ltr'><strong>temperavit.</strong></span> <span class='ocrx_word' id='word_1_39' title='bbox 619 1193 715 1269; x_wconf 91' lang='lat' dir='ltr'><strong>Puto</strong></span> <span class='ocrx_word' id='word_1_40' title='bbox 742 1209 859 1269; x_wconf 91' lang='lat' dir='ltr'><strong>autem</strong></span> <span class='ocrx_word' id='word_1_41' title='bbox 885 1196 919 1269; x_wconf 80' lang='lat' dir='ltr'><strong>dr</strong></span> <span class='ocrx_word' id='word_1_42' title='bbox 946 1196 1164 1275; x_wconf 84' lang='lat' dir='ltr'><strong>Thelialoni·</strong></span> 
     </span>
     <span class='ocr_line' id='line_1_8' title="bbox 108 1291 1160 1391; baseline 0.005 -20"><span class='ocrx_word' id='word_1_43' title='bbox 108 1292 269 1371; x_wconf 84' lang='lat' dir='ltr'><strong>ceniibus</strong></span> <span class='ocrx_word' id='word_1_44' title='bbox 302 1296 418 1368; x_wconf 88' lang='lat' dir='ltr'><strong>omnis</strong></span> <span class='ocrx_word' id='word_1_45' title='bbox 455 1291 650 1367; x_wconf 75' lang='lat' dir='ltr'><strong>substantiae</strong></span> <span class='ocrx_word' id='word_1_46' title='bbox 683 1296 922 1391; x_wconf 85' lang='lat' dir='ltr'><strong>integritatem</strong></span> <span class='ocrx_word' id='word_1_47' title='bbox 955 1300 1160 1391; x_wconf 73' lang='lat' dir='ltr'><strong>repromisit</strong></span> 
     </span>
     <span class='ocr_line' id='line_1_9' title="bbox 107 1392 1161 1489; baseline 0.002 -20"><span class='ocrx_word' id='word_1_48' title='bbox 107 1394 235 1487; x_wconf 86' lang='lat' dir='ltr'><strong>itaque</strong></span> <span class='ocrx_word' id='word_1_49' title='bbox 267 1414 337 1467; x_wconf 90' lang='lat' dir='ltr'><strong>nec</strong></span> <span class='ocrx_word' id='word_1_50' title='bbox 370 1393 408 1466; x_wconf 90' lang='lat' dir='ltr'><strong>in</strong></span> <span class='ocrx_word' id='word_1_51' title='bbox 437 1392 618 1486; x_wconf 89' lang='lat' dir='ltr'><strong>posterum</strong></span> <span class='ocrx_word' id='word_1_52' title='bbox 647 1394 868 1467; x_wconf 87' lang='lat' dir='ltr'><strong>timebuntur</strong></span> <span class='ocrx_word' id='word_1_53' title='bbox 894 1416 1100 1489; x_wconf 90' lang='lat' dir='ltr'><strong>corporum</strong></span> <span class='ocrx_word' id='word_1_54' title='bbox 1124 1402 1161 1473; x_wconf 88' lang='lat' dir='ltr'><strong>la·</strong></span> 
     </span>
     <span class='ocr_line' id='line_1_10' title="bbox 108 1490 1161 1589; baseline 0.003 -21"><span class='ocrx_word' id='word_1_55' title='bbox 108 1494 185 1569; x_wconf 85' lang='lat' dir='ltr'><strong>bes.</strong></span> <span class='ocrx_word' id='word_1_56' title='bbox 251 1490 353 1567; x_wconf 89' lang='lat' dir='ltr'><strong>Nihil</strong></span> <span class='ocrx_word' id='word_1_57' title='bbox 384 1492 523 1585; x_wconf 90' lang='lat' dir='ltr'><strong>poterit</strong></span> <span class='ocrx_word' id='word_1_58' title='bbox 554 1491 740 1565; x_wconf 86' lang='lat' dir='ltr'><strong>admittere</strong></span> <span class='ocrx_word' id='word_1_59' title='bbox 769 1494 955 1589; x_wconf 83' lang='lat' dir='ltr'><strong>integritas</strong></span> <span class='ocrx_word' id='word_1_60' title='bbox 990 1500 1058 1573; x_wconf 90' lang='lat' dir='ltr'><strong>vel</strong></span> <span class='ocrx_word' id='word_1_61' title='bbox 1087 1520 1161 1573; x_wconf 90' lang='lat' dir='ltr'><strong>con·</strong></span> 
     </span>
     <span class='ocr_line' id='line_1_11' title="bbox 108 1589 1161 1688; baseline 0.003 -19"><span class='ocrx_word' id='word_1_62' title='bbox 108 1592 271 1685; x_wconf 75' lang='lat' dir='ltr'><strong>servata,</strong></span> <span class='ocrx_word' id='word_1_63' title='bbox 296 1591 357 1664; x_wconf 85' lang='lat' dir='ltr'><strong>vel</strong></span> <span class='ocrx_word' id='word_1_64' title='bbox 379 1589 564 1684; x_wconf 89' lang='lat' dir='ltr'><strong>restituta,</strong></span> <span class='ocrx_word' id='word_1_65' title='bbox 590 1612 635 1664; x_wconf 87' lang='lat' dir='ltr'><strong>ex</strong></span> <span class='ocrx_word' id='word_1_66' title='bbox 662 1612 735 1682; x_wconf 90' lang='lat' dir='ltr'><strong>quo</strong></span> <span class='ocrx_word' id='word_1_67' title='bbox 759 1594 808 1664; x_wconf 89' lang='lat' dir='ltr'><strong>illi</strong></span> <span class='ocrx_word' id='word_1_68' title='bbox 832 1594 939 1667; x_wconf 89' lang='lat' dir='ltr'><strong>etiam</strong></span> <span class='ocrx_word' id='word_1_69' title='bbox 957 1596 1075 1688; x_wconf 77' lang='lat' dir='ltr'><strong>siquid</strong></span> <span class='ocrx_word' id='word_1_70' title='bbox 1092 1598 1161 1672; x_wconf 90' lang='lat' dir='ltr'><strong>ami·</strong></span> 
     </span>
     <span class='ocr_line' id='line_1_12' title="bbox 109 1689 1163 1784; baseline 0.004 -16"><span class='ocrx_word' id='word_1_71' title='bbox 109 1691 232 1784; x_wconf 85' lang='lat' dir='ltr'><strong>serat,</strong></span> <span class='ocrx_word' id='word_1_72' title='bbox 264 1689 436 1767; x_wconf 88' lang='lat' dir='ltr'><strong>redditur.</strong></span> <span class='ocrx_word' id='word_1_73' title='bbox 502 1689 731 1764; x_wconf 77' lang='lat' dir='ltr'><strong>Praescribens</strong></span> <span class='ocrx_word' id='word_1_74' title='bbox 753 1692 845 1765; x_wconf 90' lang='lat' dir='ltr'><strong>enim</strong></span> <span class='ocrx_word' id='word_1_75' title='bbox 866 1693 909 1764; x_wconf 91' lang='lat' dir='ltr'><strong>ad</strong></span> <span class='ocrx_word' id='word_1_76' title='bbox 931 1694 1009 1767; x_wconf 92' lang='lat' dir='ltr'><strong>hoc</strong></span> <span class='ocrx_word' id='word_1_77' title='bbox 1033 1698 1163 1771; x_wconf 80' lang='lat' dir='ltr'><strong>eaedem</strong></span> 
     </span>
     <span class='ocr_line' id='line_1_13' title="bbox 107 1790 1162 1891; baseline 0.004 -26"><span class='ocrx_word' id='word_1_78' title='bbox 107 1790 281 1891; x_wconf 73' lang='lat' dir='ltr'><strong>pelliones</strong></span> <span class='ocrx_word' id='word_1_79' title='bbox 300 1790 480 1865; x_wconf 89' lang='lat' dir='ltr'><strong>obituram</strong></span> <span class='ocrx_word' id='word_1_80' title='bbox 496 1810 660 1883; x_wconf 88' lang='lat' dir='ltr'><strong>carnem,</strong></span> <span class='ocrx_word' id='word_1_81' title='bbox 684 1791 709 1862; x_wconf 84' lang='lat' dir='ltr'><strong>st</strong></span> <span class='ocrx_word' id='word_1_82' title='bbox 729 1790 850 1864; x_wconf 88' lang='lat' dir='ltr'><strong>eadem</strong></span> <span class='ocrx_word' id='word_1_83' title='bbox 868 1791 1162 1871; x_wconf 76' lang='lat' dir='ltr'><strong>resturetiuradi·</strong></span> 
     </span>
     <span class='ocr_line' id='line_1_14' title="bbox 109 1886 1162 1984; baseline 0.004 -19"><span class='ocrx_word' id='word_1_84' title='bbox 109 1904 231 1984; x_wconf 87' lang='lat' dir='ltr'><strong>catur,</strong></span> <span class='ocrx_word' id='word_1_85' title='bbox 263 1903 427 1965; x_wconf 86' lang='lat' dir='ltr'><strong>naturam</strong></span> <span class='ocrx_word' id='word_1_86' title='bbox 446 1886 614 1964; x_wconf 86' lang='lat' dir='ltr'><strong>adversus</strong></span> <span class='ocrx_word' id='word_1_87' title='bbox 635 1890 820 1965; x_wconf 87' lang='lat' dir='ltr'><strong>dominum</strong></span> <span class='ocrx_word' id='word_1_88' title='bbox 837 1888 936 1969; x_wconf 89' lang='lat' dir='ltr'><strong>suum</strong></span> <span class='ocrx_word' id='word_1_89' title='bbox 957 1908 1097 1973; x_wconf 87' lang='lat' dir='ltr'><strong>temere</strong></span> <span class='ocrx_word' id='word_1_90' title='bbox 1113 1896 1162 1971; x_wconf 76' lang='lat' dir='ltr'><strong>de</strong></span> 
     </span>
     <span class='ocr_line' id='line_1_15' title="bbox 107 1985 1162 2089; baseline 0.001 -22"><span class='ocrx_word' id='word_1_91' title='bbox 107 1988 253 2084; x_wconf 80' lang='lat' dir='ltr'><strong>fendis,</strong></span> <span class='ocrx_word' id='word_1_92' title='bbox 285 1990 401 2087; x_wconf 86' lang='lat' dir='ltr'><strong>legem</strong></span> <span class='ocrx_word' id='word_1_93' title='bbox 420 1985 586 2062; x_wconf 87' lang='lat' dir='ltr'><strong>adversus</strong></span> <span class='ocrx_word' id='word_1_94' title='bbox 608 1991 754 2083; x_wconf 86' lang='lat' dir='ltr'><strong>gratiam</strong></span> <span class='ocrx_word' id='word_1_95' title='bbox 776 1991 883 2085; x_wconf 90' lang='lat' dir='ltr'><strong>impie</strong></span> <span class='ocrx_word' id='word_1_96' title='bbox 905 1992 1055 2088; x_wconf 77' lang='lat' dir='ltr'><strong>efferis,</strong></span> <span class='ocrx_word' id='word_1_97' title='bbox 1080 1992 1162 2089; x_wconf 84' lang='lat' dir='ltr'><strong>quai</strong></span> 
     </span>
     <span class='ocr_line' id='line_1_16' title="bbox 109 2088 1162 2192; baseline 0.002 -29"><span class='ocrx_word' id='word_1_98' title='bbox 109 2091 260 2164; x_wconf 91' lang='lat' dir='ltr'><strong>domino</strong></span> <span class='ocrx_word' id='word_1_99' title='bbox 280 2110 357 2162; x_wconf 90' lang='lat' dir='ltr'><strong>non</strong></span> <span class='ocrx_word' id='word_1_100' title='bbox 376 2089 484 2161; x_wconf 83' lang='lat' dir='ltr'><strong>liceat</strong></span> <span class='ocrx_word' id='word_1_101' title='bbox 504 2088 539 2159; x_wconf 75' lang='lat' dir='ltr'><strong>dr</strong></span> <span class='ocrx_word' id='word_1_102' title='bbox 558 2102 697 2160; x_wconf 85' lang='lat' dir='ltr'><strong>mutare</strong></span> <span class='ocrx_word' id='word_1_103' title='bbox 718 2102 908 2181; x_wconf 51' lang='lat' dir='ltr'><strong>naturamq</strong></span> <span class='ocrx_word' id='word_1_104' title='bbox 943 2092 977 2164; x_wconf 69' lang='grc' dir='ltr'><strong>ἃ</strong></span> <span class='ocrx_word' id='word_1_105' title='bbox 1001 2094 1077 2169; x_wconf 88' lang='lat' dir='ltr'><strong>sme</strong></span> <span class='ocrx_word' id='word_1_106' title='bbox 1093 2098 1162 2192; x_wconf 79' lang='lat' dir='ltr'><strong>lege</strong></span> 
     </span>
     <span class='ocr_line' id='line_1_17' title="bbox 107 2187 1163 2353; baseline -0.002 -89"><span class='ocrx_word' id='word_1_107' title='bbox 107 2187 263 2264; x_wconf 86' lang='lat' dir='ltr'><strong>servare.</strong></span> <span class='ocrx_word' id='word_1_108' title='bbox 327 2189 414 2353; x_wconf 46' lang='lat' dir='ltr'><strong>(puo</strong></span> <span class='ocrx_word' id='word_1_109' title='bbox 443 2206 530 2281; x_wconf 86' lang='lat' dir='ltr'><strong>ergo</strong></span> <span class='ocrx_word' id='word_1_110' title='bbox 557 2188 724 2281; x_wconf 79' lang='lat' dir='ltr'><strong>legimus:</strong></span> <span class='ocrx_word' id='word_1_111' title='bbox 763 2214 831 2284; x_wconf 77' lang='lat' dir='ltr'><strong>qua</strong></span> <span class='ocrx_word' id='word_1_112' title='bbox 861 2189 1067 2284; x_wconf 72' lang='lat' dir='ltr'><strong>impoffiiilia</strong></span> <span class='ocrx_word' id='word_1_113' title='bbox 1092 2194 1163 2293; x_wconf 76' lang='lat' dir='ltr'><strong>apul</strong></span> 
     </span>
     <span class='ocr_line' id='line_1_18' title="bbox 110 2284 1163 2388; baseline 0.006 -33"><span class='ocrx_word' id='word_1_114' title='bbox 110 2288 260 2371; x_wconf 68' lang='lat' dir='ltr'><strong>damiam,</strong></span> <span class='ocrx_word' id='word_1_115' title='bbox 267 2284 348 2381; x_wconf 83' lang='lat' dir='ltr'><strong>poffi</strong></span> <span class='ocrx_word' id='word_1_116' title='bbox 368 2288 425 2355; x_wconf 80' lang='lat' dir='ltr'><strong>iliu</strong></span> <span class='ocrx_word' id='word_1_117' title='bbox 436 2285 521 2381; x_wconf 74' lang='lat' dir='ltr'><strong>apud</strong></span> <span class='ocrx_word' id='word_1_118' title='bbox 533 2288 656 2357; x_wconf 78' lang='lat' dir='ltr'><strong>Deum?</strong></span> <span class='ocrx_word' id='word_1_119' title='bbox 669 2286 703 2357; x_wconf 79' lang='lat' dir='ltr'><strong>dt</strong></span> <span class='ocrx_word' id='word_1_120' title='bbox 716 2290 742 2356; x_wconf 94' lang='lat' dir='ltr'><em>S</em></span> <span class='ocrx_word' id='word_1_121' title='bbox 744 2287 828 2358; x_wconf 74' lang='lat' dir='ltr'><strong>lulla</strong></span> <span class='ocrx_word' id='word_1_122' title='bbox 841 2294 954 2359; x_wconf 77' lang='lat' dir='ltr'><strong>mundi</strong></span> <span class='ocrx_word' id='word_1_123' title='bbox 967 2294 1063 2388; x_wconf 75' lang='lat' dir='ltr'><strong>elegit</strong></span> <span class='ocrx_word' id='word_1_124' title='bbox 1074 2300 1163 2377; x_wconf 71' lang='lat' dir='ltr'><strong>Dare,</strong></span> 
     </span>
     <span class='ocr_line' id='line_1_19' title="bbox 108 2379 1164 2482; baseline 0.009 -25"><span class='ocrx_word' id='word_1_125' title='bbox 108 2404 150 2457; x_wconf 77' lang='lat' dir='ltr'><strong>ur</strong></span> <span class='ocrx_word' id='word_1_126' title='bbox 159 2388 318 2482; x_wconf 72' lang='lat' dir='ltr'><strong>fitpimna</strong></span> <span class='ocrx_word' id='word_1_127' title='bbox 332 2385 443 2453; x_wconf 77' lang='lat' dir='ltr'><strong>mundi</strong></span> <span class='ocrx_word' id='word_1_128' title='bbox 456 2379 656 2475; x_wconf 76' lang='lat' dir='ltr'><strong>confundar?</strong></span> <span class='ocrx_word' id='word_1_129' title='bbox 676 2385 756 2458; x_wconf 89' lang='lat' dir='ltr'><strong>Oro</strong></span> <span class='ocrx_word' id='word_1_130' title='bbox 770 2400 826 2481; x_wconf 83' lang='lat' dir='ltr'><strong>te,</strong></span> <span class='ocrx_word' id='word_1_131' title='bbox 845 2388 1057 2468; x_wconf 85' lang='lat' dir='ltr'><strong>fifamulum</strong></span> <span class='ocrx_word' id='word_1_132' title='bbox 1071 2410 1164 2467; x_wconf 91' lang='lat' dir='ltr'><strong>tuum</strong></span> 
     </span>
     <span class='ocr_line' id='line_1_20' title="bbox 107 2484 1166 2581; baseline 0.005 -19"><span class='ocrx_word' id='word_1_133' title='bbox 107 2486 275 2563; x_wconf 88' lang='lat' dir='ltr'><strong>libertate</strong></span> <span class='ocrx_word' id='word_1_134' title='bbox 299 2484 518 2557; x_wconf 86' lang='lat' dir='ltr'><strong>mutaveris:</strong></span> <span class='ocrx_word' id='word_1_135' title='bbox 555 2485 637 2575; x_wconf 87' lang='lat' dir='ltr'><strong>quia</strong></span> <span class='ocrx_word' id='word_1_136' title='bbox 662 2486 784 2561; x_wconf 86' lang='lat' dir='ltr'><strong>eadem</strong></span> <span class='ocrx_word' id='word_1_137' title='bbox 809 2510 894 2560; x_wconf 91' lang='lat' dir='ltr'><strong>caro</strong></span> <span class='ocrx_word' id='word_1_138' title='bbox 921 2506 1033 2581; x_wconf 88' lang='lat' dir='ltr'><strong>atque</strong></span> <span class='ocrx_word' id='word_1_139' title='bbox 1059 2498 1166 2566; x_wconf 85' lang='lat' dir='ltr'><strong>anima</strong></span> 
     </span>
     <span class='ocr_line' id='line_1_21' title="bbox 107 2582 1165 2690; baseline 0.005 -31"><span class='ocrx_word' id='word_1_140' title='bbox 107 2587 392 2683; x_wconf 85' lang='lat' dir='ltr'><strong>permanebunt,</strong></span> <span class='ocrx_word' id='word_1_141' title='bbox 419 2604 496 2675; x_wconf 86' lang='lat' dir='ltr'><strong>quae</strong></span> <span class='ocrx_word' id='word_1_142' title='bbox 514 2582 660 2680; x_wconf 84' lang='lat' dir='ltr'><strong>flagellis</strong></span> <span class='ocrx_word' id='word_1_143' title='bbox 681 2584 963 2679; x_wconf 88' lang='lat' dir='ltr'><strong>&amp;compedibus</strong></span> <span class='ocrx_word' id='word_1_144' title='bbox 984 2591 1020 2662; x_wconf 63' lang='grc' dir='ltr'>ἃ</span> <span class='ocrx_word' id='word_1_145' title='bbox 1037 2592 1165 2690; x_wconf 85' lang='lat' dir='ltr'><strong>stigma·</strong></span> 
     </span>
     <span class='ocr_line' id='line_1_22' title="bbox 110 2684 1167 2776; baseline 0.009 -18"><span class='ocrx_word' id='word_1_146' title='bbox 110 2686 208 2759; x_wconf 84' lang='lat' dir='ltr'><strong>tibus</strong></span> <span class='ocrx_word' id='word_1_147' title='bbox 231 2686 399 2758; x_wconf 79' lang='lat' dir='ltr'><strong>obnoxia</strong></span> <span class='ocrx_word' id='word_1_148' title='bbox 419 2698 520 2755; x_wconf 89' lang='lat' dir='ltr'><strong>retro</strong></span> <span class='ocrx_word' id='word_1_149' title='bbox 543 2684 709 2776; x_wconf 87' lang='lat' dir='ltr'><strong>fuerant,</strong></span> <span class='ocrx_word' id='word_1_150' title='bbox 735 2686 870 2758; x_wconf 91' lang='lat' dir='ltr'><strong>idcirco</strong></span> <span class='ocrx_word' id='word_1_151' title='bbox 895 2709 941 2758; x_wconf 90' lang='lat' dir='ltr'><strong>ne</strong></span> <span class='ocrx_word' id='word_1_152' title='bbox 963 2690 1027 2763; x_wconf 86' lang='lat' dir='ltr'><strong>illa</strong></span> <span class='ocrx_word' id='word_1_153' title='bbox 1049 2695 1167 2766; x_wconf 86' lang='lat' dir='ltr'><strong>eadem</strong></span> 
     </span>
     <span class='ocr_line' id='line_1_23' title="bbox 108 2781 1166 2879; baseline 0.009 -23"><span class='ocrx_word' id='word_1_154' title='bbox 108 2787 186 2879; x_wconf 91' lang='lat' dir='ltr'><strong>pati</strong></span> <span class='ocrx_word' id='word_1_155' title='bbox 206 2781 424 2877; x_wconf 75' lang='lat' dir='ltr'><strong>oportebit?</strong></span> <span class='ocrx_word' id='word_1_156' title='bbox 455 2803 531 2854; x_wconf 90' lang='lat' dir='ltr'><strong>non</strong></span> <span class='ocrx_word' id='word_1_157' title='bbox 554 2784 696 2875; x_wconf 90' lang='lat' dir='ltr'><strong>opinor.</strong></span> <span class='ocrx_word' id='word_1_158' title='bbox 757 2781 870 2878; x_wconf 89' lang='lat' dir='ltr'><strong>Atqui</strong></span> <span class='ocrx_word' id='word_1_159' title='bbox 893 2786 927 2858; x_wconf 75' lang='grc' dir='ltr'><strong>δι</strong></span> <span class='ocrx_word' id='word_1_160' title='bbox 948 2790 1062 2863; x_wconf 85' lang='lat' dir='ltr'><strong>vestis</strong></span> <span class='ocrx_word' id='word_1_161' title='bbox 1085 2796 1166 2865; x_wconf 84' lang='lat' dir='ltr'><strong>albe</strong></span> 
     </span>
     <span class='ocr_line' id='line_1_24' title="bbox 108 2881 1168 2981; baseline 0.003 -20"><span class='ocrx_word' id='word_1_162' title='bbox 108 2885 253 2973; x_wconf 85' lang='lat' dir='ltr'><strong>nitore,</strong></span> <span class='ocrx_word' id='word_1_163' title='bbox 281 2881 430 2954; x_wconf 85' lang='lat' dir='ltr'><strong>&amp;aurei</strong></span> <span class='ocrx_word' id='word_1_164' title='bbox 453 2883 571 2954; x_wconf 90' lang='lat' dir='ltr'><strong>annuli</strong></span> <span class='ocrx_word' id='word_1_165' title='bbox 592 2884 757 2974; x_wconf 79' lang='lat' dir='ltr'><strong>honore,</strong></span> <span class='ocrx_word' id='word_1_166' title='bbox 785 2884 982 2976; x_wconf 86' lang='lat' dir='ltr'><strong>&amp;patroni</strong></span> <span class='ocrx_word' id='word_1_167' title='bbox 1006 2894 1168 2981; x_wconf 85' lang='lat' dir='ltr'><strong>nomine,</strong></span> 
     </span>
     <span class='ocr_line' id='line_1_25' title="bbox 109 2979 1168 3073; baseline 0.008 -16"><span class='ocrx_word' id='word_1_168' title='bbox 109 3004 153 3057; x_wconf 88' lang='lat' dir='ltr'><strong>ac</strong></span> <span class='ocrx_word' id='word_1_169' title='bbox 168 2981 264 3053; x_wconf 90' lang='lat' dir='ltr'><strong>tribu</strong></span> <span class='ocrx_word' id='word_1_170' title='bbox 279 2979 466 3073; x_wconf 89' lang='lat' dir='ltr'><strong>mensaque</strong></span> <span class='ocrx_word' id='word_1_171' title='bbox 482 2982 695 3058; x_wconf 87' lang='lat' dir='ltr'><strong>honoratur.</strong></span> <span class='ocrx_word' id='word_1_172' title='bbox 744 2982 916 3057; x_wconf 87' lang='lat' dir='ltr'><strong>Permitte</strong></span> <span class='ocrx_word' id='word_1_173' title='bbox 930 2986 1073 3063; x_wconf 85' lang='lat' dir='ltr'><strong>hanc&amp;</strong></span> <span class='ocrx_word' id='word_1_174' title='bbox 1088 2991 1168 3064; x_wconf 84' lang='lat' dir='ltr'><strong>Deo</strong></span> 
     </span>
     <span class='ocr_line' id='line_1_26' title="bbox 106 3079 1169 3179; baseline 0.01 -25"><span class='ocrx_word' id='word_1_175' title='bbox 106 3079 323 3179; x_wconf 88' lang='lat' dir='ltr'><strong>potestatem</strong></span> <span class='ocrx_word' id='word_1_176' title='bbox 337 3102 403 3172; x_wconf 92' lang='lat' dir='ltr'><strong>per</strong></span> <span class='ocrx_word' id='word_1_177' title='bbox 418 3082 492 3153; x_wconf 92' lang='lat' dir='ltr'><strong>vim</strong></span> <span class='ocrx_word' id='word_1_178' title='bbox 509 3082 761 3153; x_wconf 88' lang='lat' dir='ltr'><strong>demutationis</strong></span> <span class='ocrx_word' id='word_1_179' title='bbox 777 3084 890 3175; x_wconf 86' lang='lat' dir='ltr'><strong>illius,</strong></span> <span class='ocrx_word' id='word_1_180' title='bbox 917 3088 1169 3165; x_wconf 85' lang='lat' dir='ltr'><strong>conditionem</strong></span> 
     </span>
     <span class='ocr_line' id='line_1_27' title="bbox 107 3178 1169 3274; baseline 0.008 -18"><span class='ocrx_word' id='word_1_181' title='bbox 107 3198 186 3257; x_wconf 91' lang='lat' dir='ltr'><strong>non</strong></span> <span class='ocrx_word' id='word_1_182' title='bbox 203 3192 365 3253; x_wconf 89' lang='lat' dir='ltr'><strong>naturam</strong></span> <span class='ocrx_word' id='word_1_183' title='bbox 385 3178 623 3271; x_wconf 87' lang='lat' dir='ltr'><strong>reformandi,</strong></span> <span class='ocrx_word' id='word_1_184' title='bbox 650 3181 733 3254; x_wconf 92' lang='lat' dir='ltr'><strong>dum</strong></span> <span class='ocrx_word' id='word_1_185' title='bbox 755 3181 979 3274; x_wconf 77' lang='lat' dir='ltr'><strong>&amp;pelliones</strong></span> <span class='ocrx_word' id='word_1_186' title='bbox 1005 3190 1169 3263; x_wconf 83' lang='lat' dir='ltr'><strong>auferun-</strong></span> 
     </span>
     <span class='ocr_line' id='line_1_28' title="bbox 109 3278 1169 3379; baseline 0.01 -24"><span class='ocrx_word' id='word_1_187' title='bbox 109 3292 189 3369; x_wconf 79' lang='lat' dir='ltr'><strong>tur,</strong></span> <span class='ocrx_word' id='word_1_188' title='bbox 212 3278 479 3352; x_wconf 87' lang='lat' dir='ltr'><strong>&amp;munitiones</strong></span> <span class='ocrx_word' id='word_1_189' title='bbox 497 3279 746 3356; x_wconf 88' lang='lat' dir='ltr'><strong>conferuntur.</strong></span> <span class='ocrx_word' id='word_1_190' title='bbox 785 3280 840 3353; x_wconf 93' lang='lat' dir='ltr'><strong>lta</strong></span> <span class='ocrx_word' id='word_1_191' title='bbox 853 3286 1013 3357; x_wconf 89' lang='lat' dir='ltr'><strong>manebit</strong></span> <span class='ocrx_word' id='word_1_192' title='bbox 1028 3290 1169 3379; x_wconf 87' lang='lat' dir='ltr'><strong>quidem</strong></span> 
     </span>
     <span class='ocr_line' id='line_1_29' title="bbox 110 3377 1169 3481; baseline 0.008 -28"><span class='ocrx_word' id='word_1_193' title='bbox 110 3399 197 3453; x_wconf 85' lang='lat' dir='ltr'><strong>care</strong></span> <span class='ocrx_word' id='word_1_194' title='bbox 213 3381 318 3452; x_wconf 90' lang='lat' dir='ltr'><strong>etiam</strong></span> <span class='ocrx_word' id='word_1_195' title='bbox 334 3377 415 3472; x_wconf 91' lang='lat' dir='ltr'><strong>post</strong></span> <span class='ocrx_word' id='word_1_196' title='bbox 427 3377 740 3473; x_wconf 69' lang='lat' dir='ltr'><strong>resurreetionem,</strong></span> <span class='ocrx_word' id='word_1_197' title='bbox 760 3395 907 3455; x_wconf 87' lang='lat' dir='ltr'><strong>eatenus</strong></span> <span class='ocrx_word' id='word_1_198' title='bbox 922 3384 1090 3476; x_wconf 89' lang='lat' dir='ltr'><strong>pailibilis</strong></span> <span class='ocrx_word' id='word_1_199' title='bbox 1105 3410 1169 3481; x_wconf 89' lang='lat' dir='ltr'><strong>qua</strong></span> 
     </span>
     <span class='ocr_line' id='line_1_30' title="bbox 107 3477 1168 3575; baseline 0.008 -24"><span class='ocrx_word' id='word_1_200' title='bbox 107 3477 202 3575; x_wconf 86' lang='lat' dir='ltr'><strong>ipsa,</strong></span> <span class='ocrx_word' id='word_1_201' title='bbox 229 3498 298 3570; x_wconf 87' lang='lat' dir='ltr'><strong>qua</strong></span> <span class='ocrx_word' id='word_1_202' title='bbox 311 3479 456 3571; x_wconf 84' lang='lat' dir='ltr'><strong>eadem,</strong></span> <span class='ocrx_word' id='word_1_203' title='bbox 482 3500 524 3550; x_wconf 92' lang='lat' dir='ltr'><strong>ea</strong></span> <span class='ocrx_word' id='word_1_204' title='bbox 543 3492 662 3551; x_wconf 90' lang='lat' dir='ltr'><strong>tamen</strong></span> <span class='ocrx_word' id='word_1_205' title='bbox 681 3480 907 3573; x_wconf 83' lang='lat' dir='ltr'><strong>impallrbilis:</strong></span> <span class='ocrx_word' id='word_1_206' title='bbox 934 3487 1018 3575; x_wconf 83' lang='lat' dir='ltr'><strong>quia</strong></span> <span class='ocrx_word' id='word_1_207' title='bbox 1042 3490 1080 3562; x_wconf 90' lang='lat' dir='ltr'><strong>in</strong></span> <span class='ocrx_word' id='word_1_208' title='bbox 1099 3490 1168 3563; x_wconf 88' lang='lat' dir='ltr'><strong>hoc</strong></span> 
     </span>
     <span class='ocr_line' id='line_1_31' title="bbox 107 3576 1061 3677; baseline 0.008 -24"><span class='ocrx_word' id='word_1_209' title='bbox 107 3577 220 3677; x_wconf 87' lang='lat' dir='ltr'><strong>ipsum</strong></span> <span class='ocrx_word' id='word_1_210' title='bbox 233 3576 436 3652; x_wconf 77' lang='lat' dir='ltr'><strong>manumill‘a</strong></span> <span class='ocrx_word' id='word_1_211' title='bbox 450 3601 470 3650; x_wconf 90' lang='lat' dir='ltr'><strong>a</strong></span> <span class='ocrx_word' id='word_1_212' title='bbox 484 3578 656 3668; x_wconf 76' lang='lat' dir='ltr'><strong>domino,</strong></span> <span class='ocrx_word' id='word_1_213' title='bbox 682 3602 729 3653; x_wconf 90' lang='lat' dir='ltr'><strong>ne</strong></span> <span class='ocrx_word' id='word_1_214' title='bbox 745 3582 839 3655; x_wconf 87' lang='lat' dir='ltr'><strong>ultra</strong></span> <span class='ocrx_word' id='word_1_215' title='bbox 851 3582 923 3675; x_wconf 86' lang='lat' dir='ltr'><strong>pati</strong></span> <span class='ocrx_word' id='word_1_216' title='bbox 940 3586 1061 3675; x_wconf 86' lang='lat' dir='ltr'><strong>poffit.</strong></span> 
     </span>
    </p>

    <p class='ocr_par' dir='ltr' id='par_1_3' title="bbox 102 3677 1166 4175">
     <span class='ocr_line' id='line_1_32' title="bbox 182 3677 1166 3785; baseline 0.015 -39"><span class='ocrx_word' id='word_1_217' title='bbox 182 3687 240 3769; x_wconf 81' lang='lat'><strong>58.</strong></span> <span class='ocrx_word' id='word_1_218' title='bbox 302 3686 481 3763; x_wconf 66' lang='lat' dir='ltr'><strong>mundius,</strong></span> <span class='ocrx_word' id='word_1_219' title='bbox 513 3679 629 3771; x_wconf 85' lang='lat' dir='ltr'><strong>inquit</strong></span> <span class='ocrx_word' id='word_1_220' title='bbox 648 3677 786 3772; x_wconf 82' lang='lat' dir='ltr'><strong>Esaias,</strong></span> <span class='ocrx_word' id='word_1_221' title='bbox 819 3700 937 3751; x_wconf 80' lang='lat' dir='ltr'><strong>aterna</strong></span> <span class='ocrx_word' id='word_1_222' title='bbox 954 3684 1054 3779; x_wconf 85' lang='lat' dir='ltr'><strong>super</strong></span> <span class='ocrx_word' id='word_1_223' title='bbox 1078 3702 1166 3785; x_wconf 75' lang='lat' dir='ltr'><strong>capti</strong></span> 
     </span>
     <span class='ocr_line' id='line_1_33' title="bbox 108 3778 1166 3871; baseline 0.003 -19"><span class='ocrx_word' id='word_1_224' title='bbox 108 3802 223 3852; x_wconf 77' lang='lat' dir='ltr'><strong>eorum.</strong></span> <span class='ocrx_word' id='word_1_225' title='bbox 315 3779 378 3852; x_wconf 91' lang='lat' dir='ltr'><strong>ihil</strong></span> <span class='ocrx_word' id='word_1_226' title='bbox 391 3794 561 3852; x_wconf 81' lang='lat' dir='ltr'><strong>aeternum</strong></span> <span class='ocrx_word' id='word_1_227' title='bbox 575 3778 635 3849; x_wconf 82' lang='lat' dir='ltr'><strong>nin</strong></span> <span class='ocrx_word' id='word_1_228' title='bbox 649 3779 730 3871; x_wconf 92' lang='lat' dir='ltr'><strong>post</strong></span> <span class='ocrx_word' id='word_1_229' title='bbox 741 3779 1050 3861; x_wconf 68' lang='lat' dir='ltr'><strong>resurreetionem.</strong></span> <span class='ocrx_word' id='word_1_230' title='bbox 1104 3794 1166 3860; x_wconf 70' lang='lat' dir='ltr'><strong>Aa·</strong></span> 
     </span>
     <span class='ocr_line' id='line_1_34' title="bbox 102 3876 1164 3975; baseline 0.009 -26"><span class='ocrx_word' id='word_1_231' title='bbox 102 3880 205 3975; x_wconf 77' lang='lat' dir='ltr'><strong>sugit.</strong></span> <span class='ocrx_word' id='word_1_232' title='bbox 222 3879 353 3971; x_wconf 74' lang='lat' dir='ltr'><strong>inquit,</strong></span> <span class='ocrx_word' id='word_1_233' title='bbox 369 3880 453 3950; x_wconf 81' lang='lat' dir='ltr'><strong>dolor</strong></span> <span class='ocrx_word' id='word_1_234' title='bbox 467 3876 506 3954; x_wconf 66' lang='grc' dir='ltr'><strong>(Ἰ</strong></span> <span class='ocrx_word' id='word_1_235' title='bbox 520 3903 640 3966; x_wconf 84' lang='lat' dir='ltr'><strong>moerur,</strong></span> <span class='ocrx_word' id='word_1_236' title='bbox 652 3877 691 3954; x_wconf 71' lang='lat'><strong>(5</strong></span> <span class='ocrx_word' id='word_1_237' title='bbox 703 3885 835 3974; x_wconf 77' lang='lat' dir='ltr'><strong>gemitus</strong></span> <span class='ocrx_word' id='word_1_238' title='bbox 848 3882 885 3953; x_wconf 80' lang='lat' dir='ltr'><strong>ab</strong></span> <span class='ocrx_word' id='word_1_239' title='bbox 901 3885 975 3953; x_wconf 80' lang='lat' dir='ltr'><strong>illis.</strong></span> <span class='ocrx_word' id='word_1_240' title='bbox 1011 3884 1164 3960; x_wconf 81' lang='lat' dir='ltr'><strong>Proinde</strong></span> 
     </span>
     <span class='ocr_line' id='line_1_35' title="bbox 109 3978 1165 4079; baseline 0.004 -26"><span class='ocrx_word' id='word_1_241' title='bbox 109 3978 297 4079; x_wconf 81' lang='lat' dir='ltr'><strong>&amp;Joanni</strong></span> <span class='ocrx_word' id='word_1_242' title='bbox 320 3980 487 4076; x_wconf 80' lang='lat' dir='ltr'><strong>angelus:</strong></span> <span class='ocrx_word' id='word_1_243' title='bbox 523 3979 571 4050; x_wconf 77' lang='lat' dir='ltr'><strong>Et</strong></span> <span class='ocrx_word' id='word_1_244' title='bbox 595 3979 705 4049; x_wconf 80' lang='lat' dir='ltr'><strong>delebit</strong></span> <span class='ocrx_word' id='word_1_245' title='bbox 723 3984 811 4052; x_wconf 82' lang='lat' dir='ltr'><strong>Deus</strong></span> <span class='ocrx_word' id='word_1_246' title='bbox 832 4006 950 4053; x_wconf 72' lang='lat' dir='ltr'><strong>mnam</strong></span> <span class='ocrx_word' id='word_1_247' title='bbox 973 3983 1165 4079; x_wconf 71' lang='lat' dir='ltr'><strong>lachrymam</strong></span> 
     </span>
     <span class='ocr_line' id='line_1_36' title="bbox 107 4078 1165 4175; baseline 0.005 -23"><span class='ocrx_word' id='word_1_248' title='bbox 107 4080 147 4152; x_wconf 83' lang='lat' dir='ltr'><strong>ab</strong></span> <span class='ocrx_word' id='word_1_249' title='bbox 159 4082 256 4151; x_wconf 75' lang='lat' dir='ltr'><strong>oculis</strong></span> <span class='ocrx_word' id='word_1_250' title='bbox 274 4104 386 4151; x_wconf 82' lang='lat' dir='ltr'><strong>eorum.</strong></span> <span class='ocrx_word' id='word_1_251' title='bbox 436 4078 573 4170; x_wconf 90' lang='lat' dir='ltr'><strong>Utique</strong></span> <span class='ocrx_word' id='word_1_252' title='bbox 589 4099 634 4151; x_wconf 84' lang='lat' dir='ltr'><strong>ex</strong></span> <span class='ocrx_word' id='word_1_253' title='bbox 647 4079 770 4153; x_wconf 90' lang='lat' dir='ltr'><strong>iisdem</strong></span> <span class='ocrx_word' id='word_1_254' title='bbox 784 4082 899 4154; x_wconf 87' lang='lat' dir='ltr'><strong>oculis</strong></span> <span class='ocrx_word' id='word_1_255' title='bbox 915 4085 976 4175; x_wconf 90' lang='lat' dir='ltr'><strong>qui</strong></span> <span class='ocrx_word' id='word_1_256' title='bbox 991 4102 1097 4160; x_wconf 90' lang='lat' dir='ltr'><strong>retro</strong></span> <span class='ocrx_word' id='word_1_257' title='bbox 1110 4086 1165 4159; x_wconf 85' lang='lat' dir='ltr'><strong>lle·</strong></span> 
     </span>
    </p>
   </div>
   <div class='ocr_carea' id='block_1_3' title="bbox 106 4175 1164 4276">
    <p class='ocr_par' dir='ltr' id='par_1_4' title="bbox 106 4175 1164 4276">
     <span class='ocr_line' id='line_1_37' title="bbox 106 4175 1164 4276; baseline 0.009 -25"><span class='ocrx_word' id='word_1_258' title='bbox 106 4194 259 4276; x_wconf 87' lang='lat' dir='ltr'><strong>verant,</strong></span> <span class='ocrx_word' id='word_1_259' title='bbox 284 4178 415 4273; x_wconf 90' lang='lat' dir='ltr'><strong>quique</strong></span> <span class='ocrx_word' id='word_1_260' title='bbox 430 4180 545 4255; x_wconf 87' lang='lat' dir='ltr'><strong>adhuc</strong></span> <span class='ocrx_word' id='word_1_261' title='bbox 559 4175 646 4255; x_wconf 85' lang='lat' dir='ltr'><strong>llere</strong></span> <span class='ocrx_word' id='word_1_262' title='bbox 660 4180 876 4276; x_wconf 68' lang='lat' dir='ltr'><strong>populent,</strong></span> <span class='ocrx_word' id='word_1_263' title='bbox 893 4182 1012 4259; x_wconf 73' lang='lat' dir='ltr'><strong>sinon</strong></span> <span class='ocrx_word' id='word_1_264' title='bbox 1026 4206 1164 4260; x_wconf 88' lang='lat' dir='ltr'><strong>omnem</strong></span> 
     </span>
    </p>
   </div>
   <div class='ocr_carea' id='block_1_4' title="bbox 498 4284 1122 4380">
    <p class='ocr_par' dir='ltr' id='par_1_5' title="bbox 498 4284 1122 4380">
     <span class='ocr_line' id='line_1_38' title="bbox 498 4284 1122 4380; baseline 0.013 -27"><span class='ocrx_word' id='word_1_265' title='bbox 498 4342 507 4377; x_wconf 58' lang='lat'>„</span> <span class='ocrx_word' id='word_1_266' title='bbox 978 4284 1122 4380; x_wconf 80' lang='lat' dir='ltr'><strong>lachry-</strong></span> 
     </span>
    </p>
   </div>
   <div class='ocr_carea' id='block_1_5' title="bbox 0 0 1206 4590">
    <p class='ocr_par' dir='ltr' id='par_1_6' title="bbox 0 0 1206 4590">
     <span class='ocr_line' id='line_1_39' title="bbox 0 0 1206 4590; baseline 0 0"><span class='ocrx_word' id='word_1_267' title='bbox 0 0 1206 4590; x_wconf 95' lang='lat' dir='ltr'><strong> </strong></span> 
     </span>
    </p>
   </div>
  </div>
 </body>
</html>
