2468 4530
118 480 194 564 624
279 442 1051 575 o.Sere.rcori.Tmutt1as1

121 637 295 711 debeatur
314 636 560 727 repromittit,
587 654 660 725 quo
678 630 815 731 semper
828 633 883 727 is,
906 634 967 728 qui
989 632 1041 707 est
1057 630 1181 730 presta·

121 752 248 828 turus,
275 732 484 807 offenditur.

168 894 174 905 .
199 858 234 927 7.
263 832 458 925 Hucusque
477 830 614 904 Christe
631 832 777 904 domine
792 830 837 903 de
855 832 1081 923 poenitentiae
1096 830 1185 907 disci·

122 936 221 1029 plina
240 930 351 1005 servis
373 936 441 1004 tuis
464 934 584 1004 dicere
600 934 659 1003 vel
677 931 799 1002 audire
820 934 1038 1029 contingat,
1063 954 1183 1025 quous·

123 1055 195 1125 que
218 1034 323 1105 etiam
349 1033 553 1121 delinquere
574 1052 650 1103 non
670 1045 821 1121 oportet
845 1031 1100 1105 audientibus:
1132 1032 1184 1105 vel

123 1134 211 1207 nihil
225 1134 294 1223 J'anr
311 1132 354 1203 dc
370 1132 578 1223 punitentia
592 1132 784 1221 noverint,
798 1128 886 1201 nihil
902 1132 983 1221 ejus
1000 1132 1182 1223 requirant.
1211 1156 1214 1165 ·

124 1232 226 1325 Piget
247 1228 427 1311 secunda-c,
456 1231 529 1301 imo
545 1229 617 1320 jam
635 1230 766 1301 ultimae
790 1228 860 1321 spei
884 1227 1085 1305 subtexere
1100 1254 1182 1305 men·

125 1332 286 1419 tionem,
306 1352 353 1401 ne
367 1328 596 1401 retractantes
612 1328 656 1401 de
670 1328 810 1399 residuo
826 1330 967 1402 auxilio
984 1332 1180 1424 poenitcndl,

125 1427 273 1519 spatium
308 1430 423 1501 acllmc
456 1428 682 1519 delinquendi
716 1426 965 1501 demonstrare
1003 1432 1181 1505 videamur.

124 1528 249 1619 Abiit,
268 1542 310 1599 ut
325 1528 448 1617 aliquis
463 1528 513 1598 ita
525 1528 804 1619 interpretetur,
831 1528 926 1617 quasi
943 1550 994 1601 eo
1009 1530 1074 1604 sibi
1092 1530 1179 1603 etiarn

124 1646 223 1701 nunc
246 1642 367 1722 pateat
390 1626 432 1698 ad
454 1628 750 1718 delinquendum:
783 1629 866 1716 quia
895 1642 1003 1719 patet
1025 1632 1071 1703 ad
1091 1630 1181 1723 peni,

125 1728 294 1799 tendum:
328 1726 362 1797 u
388 1725 621 1799 redundantia
645 1726 841 1797 clementie
866 1726 1051 1821 celestis,
1087 1728 1182 1803 libidi-

128 1846 210 1899 nern
226 1824 333 1898 saciat
346 1827 507 1897 humane
521 1825 742 1897 temeritatis.
794 1823 919 1897 Nemo
936 1826 1083 1901 idcirco
1103 1828 1183 1901 dete

125 1924 202 1997 rior
222 1925 281 2017 sit,
314 1926 394 2017 quia
412 1924 513 1997 Deus
534 1926 662 1998 melior
684 1924 752 2015 est,
787 1925 925 1997 totiens
949 1926 1181 2021 delinquendo

126 2026 296 2116 quotiens
311 2024 515 2119 ignoscitur.
567 2024 736 2096 Ceterum
752 2020 859 2097 linem
873 2028 1007 2117 utique
1019 2026 1182 2101 evadendi

124 2124 294 2213 habebit,
324 2144 402 2192 cum
419 2121 624 2193 orl'cndcmli
642 2144 715 2193 non
732 2124 888 2198 babebit.
943 2124 1162 2201 livasimuss
1172 2167 1182 2181 ·
1211 2129 1215 2167 ³

124 2226 217 2307 mel;
245 2220 411 2291 haetenus
429 2222 635 2313 periculosis
656 2220 893 2314 nosmetipsos
914 2224 1136 2317 inferamus,
1158 2224 1184 2297 dt
1213 2260 1216 2269 ·

124 2319 296 2393 stiterunt
317 2318 453 2390 evasuri
480 2320 671 2393 ridemur?
705 2321 867 2412 Plerique
891 2325 1090 2423 natrsragio
1113 2328 1181 2399 libe·

126 2420 193 2493 rati
218 2420 347 2491 exinde
369 2420 554 2507 repudium
577 2422 611 2492 dc
632 2424 715 2493 naui
734 2422 767 2493 u
789 2422 876 2495 mari
893 2424 1051 2519 dicunt,
1078 2423 1181 2499 &Dei

127 2516 368 2612 beneficium,
395 2517 540 2593 salutem
559 2519 652 2592 suam
669 2520 823 2614 scilicet,
849 2528 1032 2597 memoria
1048 2522 1183 2617 periculi

85 2712 89 2719 Ι
127 2620 325 2695 honorant.
385 2618 511 2691 Laudo
544 2622 735 2701 timorem,
776 2619 887 2715 diligo
921 2628 1182 2713 verecundiam,
1214 2646 1218 2651 ·

128 2722 262 2792 nolunt
278 2722 406 2791 iterum
424 2720 554 2789 diuinae
568 2718 814 2793 misericordiae
830 2720 930 2791 oneri
952 2722 1045 2797 else:
1077 2724 1183 2797 sormi·

128 2818 215 2892 dant
230 2820 345 2889 videri
361 2820 553 2907 inculcare,
565 2818 661 2909 quod
674 2816 858 2890 consecuti
871 2820 970 2895 sunt:
985 2826 1088 2897 bona
1100 2840 1184 2897 certe

125 2914 363 2991 sollicitudine
381 2918 509 2991 iterum
530 2918 680 3009 experiri
703 2920 840 3011 vitant,
869 2923 971 3009 quod
989 2921 1098 2997 semel
1112 2924 1184 2997 didi·

126 3028 253 3089 cerunt
278 3017 416 3091 timere.
474 3016 527 3087 lta
547 3017 674 3089 modus
699 3021 936 3111 temeritatis,
971 3022 1119 3096 testatio
1142 3020 1183 3093 est

125 3115 277 3188 timoris.
328 3113 457 3187 Timor
471 3132 590 3188 autern
604 3117 866 3209 hominis,Dei
878 3120 1003 3191 honor
1022 3123 1087 3197 est.
1126 3118 1183 3193 Sed

126 3214 221 3289 enim
235 3214 531 3308 pervicacissimus
545 3214 656 3287 hostis
669 3218 749 3308 ille,
770 3237 949 3309 nunquam
966 3221 1113 3295 malitia
1128 3222 1184 3295 sua

126 3315 243 3387 otium
267 3314 363 3386 facit.
415 3315 576 3405 Atquin,
603 3327 690 3387 tunc
708 3318 858 3389 maxime
874 3318 996 3411 sevit,
1024 3342 1108 3396 cum
1129 3322 1182 3394 ho

123 3415 256 3489 minem
274 3414 380 3505 plene
395 3408 500 3486 sentit
514 3414 701 3488 liberatum
716 3431 803 3487 tunc
819 3418 1012 3509 plurimum
1031 3420 1182 3493 accendi·

123 3524 205 3603 tur,
231 3512 316 3584 dum
331 3512 561 3609 extinguitur.
614 3514 751 3586 Doleat
773 3515 1032 3611 &ingemiscat
1053 3516 1182 3594 necesse

125 3608 177 3684 est
192 3615 299 3684 venia
316 3629 547 3706 pcccatorum
566 3612 745 3706 permissa,
771 3628 832 3686 tot
846 3616 882 3687 in
896 3616 1048 3691 homine
1065 3620 1182 3695 mortis

126 3730 239 3803 opera
256 3712 397 3803 diruta,
426 3726 484 3784 tot
501 3714 627 3786 titulos
649 3714 886 3787 damnationis
905 3729 1009 3789 retro
1029 3718 1100 3791 suae
1118 3739 1182 3793 era·

124 3808 193 3884 sos.
244 3810 361 3885 Dolet
382 3813 479 3903 quod
503 3812 614 3906 ipsum
637 3812 834 3911 &angelos
851 3816 949 3907 ejus,
979 3815 1110 3892 Christi
1124 3818 1182 3893 scr·

122 3930 192 3983 vus
214 3910 274 3984 ille
297 3926 470 4008 peccator
488 3910 710 4002 judicaturus
735 3912 795 3988 est.
854 3913 982 4005 ltaque
1003 3916 1181 4009 observat,

119 4028 338 4117 oppugnat,
372 4012 535 4105 obsidet,
553 4012 585 4087 b
601 4035 672 4104 qua
686 4012 794 4103 possit
814 4029 875 4086 aut
897 4018 1030 4088 oculos
1056 4038 1182 4091 contu·

109 4121 305 4223 piscentia
320 4116 618 4209 casurusne,
637 4125 705 4187 aut.
714 4112 1055 4185 anmum'blecebx‘e
1061 4116 1180 4271 ἓξὲξ.
