2400 4590
107 522 177 591 124
243 501 292 613 Q
317 496 454 573 sm.
479 496 626 603 Fton.
652 495 1020 578 Tnnruutruut

102 662 190 753 lius,
219 660 355 747 Crescite
373 657 414 736 ὅ
432 658 711 756 multiplicamini,
732 660 780 737 -id
797 659 892 735 estsr
912 663 1077 737 nondum
1098 665 1167 741 ulia

101 781 183 833 vox
206 756 439 854 supervenit,
468 748 605 857 Tempus
620 764 692 858 jam
710 763 748 830 in
771 758 889 833 uum
913 761 990 854 nse,
1019 762 1165 859 restare,

102 874 146 933 ut
158 858 194 933 ἃ
206 866 264 955 qui
278 882 388 929 uxores
400 856 519 931 habent
534 877 689 959 tanquam
702 884 770 930 non
781 861 936 955 imitentes¹
946 880 1057 955 agant.
1084 864 1168 936 Uti·

102 981 173 1054 que
188 958 283 1034 enim
295 957 554 1034 continentiam
568 959 748 1053 indicens,
773 959 1055 1054 &compescens
1075 983 1166 1036 con·

102 1058 297 1153 cubitum,
336 1056 560 1134 seminarium
592 1061 764 1155 generis,
807 1059 992 1134 obsolescit
1032 1064 1167 1149 crescite

101 1158 255 1237 illudo
279 1159 548 1255 multiplicamini.
610 1157 663 1232 Ut
695 1159 829 1252 opinor
853 1174 974 1234 tutem
997 1161 1102 1233 unius
1128 1162 1165 1233 δι

102 1257 264 1354 ejusdem
284 1258 356 1332 D'ei
368 1272 521 1350 utraque
533 1259 812 1350 pronunciatio,
838 1258 1071 1355 &dispositio
1092 1259 1166 1351 est3

4 1398 9 1407 ,
103 1360 164 1453 qui
177 1371 267 1431 tunc
279 1357 434 1450 quidem,
451 1360 486 1429 in
503 1359 702 1450 primordio
718 1359 909 1431 sementem
927 1359 1066 1456 generis
1082 1361 1169 1433 emi·

101 1461 167 1553 fit,
194 1457 341 1532 indultis
356 1457 607 1552 conjugiorum
621 1458 787 1550 habenis,
814 1458 1166 1533 donecmundusre·

100 1562 286 1655 pleretur,
313 1556 432 1629 donec
452 1577 561 1637 noun
583 1555 771 1649 disciplinae
789 1560 936 1630 materia
954 1555 1163 1650 proficeret

101 1658 215 1739 Nunc
228 1676 320 1730 vero
341 1677 422 1730 cum
444 1657 729 1731 extremitatibus
743 1673 947 1749 temporum
963 1656 1167 1750 compreiiit

33 1760 43 1771 “
103 1757 204 1853 quod
227 1753 414 1848 emiserat,
446 1755 697 1829 &revocavit
720 1757 818 1849 quod
837 1755 1053 1843 indulserat3
1086 1754 1165 1833 non

101 1861 175 1935 fine
188 1858 330 1931 ratione
342 1856 612 1952 propagationis
629 1857 665 1928 in
679 1856 898 1949 primordio,
925 1856 959 1929 ἃ
976 1856 1164 1949 repastina-

102 1958 214 2032 tionis
235 1960 271 2030 in
289 1955 446 2048 ultimo,
482 1952 618 2047 semper
637 1955 737 2027 initia
759 1958 944 2050 laxantur,
971 1952 1062 2029 fines
1078 1974 1165 2030 eon·

102 2059 305 2132 trahuntur.
360 2054 557 2146 Propterea
573 2052 709 2148 sylvam
729 2055 806 2147 quis
825 2054 998 2149 instituit,
1032 2054 1067 2127 u
1088 2074 1164 2129 cte·

101 2156 201 2233 scere
222 2157 326 2248 finit,
359 2168 402 2226 ut
425 2168 590 2247 tompore
610 2153 673 2227 suo
695 2155 817 2230 caedat.
867 2153 977 2247 Sylva
999 2170 1076 2227 erat
1099 2176 1165 2227 ve·

100 2269 161 2329 tus
182 2254 385 2348 dispofitio,
412 2274 489 2345 quae
505 2254 543 2327 in
560 2255 750 2351 evangelio
768 2274 875 2326 novo
891 2255 1105 2347 deputatun,
1127 2255 1166 2329 in

85 2362 178 2449 'quo
195 2354 357 2438 &securis
373 2356 414 2425 ud
433 2356 565 2425 radicum
581 2355 701 2425 arboris
715 2356 808 2450 poſsm
824 2353 884 2429 est.
919 2352 978 2426 Sic
995 2354 1029 2426 dt
1045 2356 1167 2424 oculum

100 2476 159 2555 pro
179 2457 278 2542 ocule,
304 2453 339 2527 &
359 2457 482 2526 dentem
500 2476 558 2553 pto
574 2457 684 2534 dente,
707 2454 779 2545 jam
796 2452 928 2543 senuit,
957 2476 1003 2525 ex
1023 2475 1096 2547 quo
1112 2455 1167 2546 ju·

101 2554 253 2646 venuit,
290 2557 422 2626 Melum
444 2578 500 2650 pro
525 2557 606 2625 maio
630 2580 717 2626 nemo
745 2555 863 2626 reddat.
926 2552 1022 2625 Puto
1047 2566 1168 2628 autem

104 2657 210 2733 ctiam
224 2655 412 2729 humanam
428 2654 726 2733 constitutionem
740 2670 847 2751 atque
868 2652 1075 2748 decrcurm,
1098 2674 1167 2747 po·

102 2754 195 2834 stera
207 2755 360 2851 pristinis
375 2758 584 2855 prevalere.

178 2976 213 3048 7.
240 2952 314 3028 Cur
332 2969 449 3028 autem
467 2957 511 3028 de
525 2955 678 3048 pristinis
700 2956 871 3047 exemplis
889 2976 1023 3028 nonen
1040 2955 1166 3048 potius

104 3053 357 3153 agnoscamus,
390 3076 469 3148 quae
492 3076 572 3128 cum
599 3054 751 3148 posteris
777 3056 1043 3129 communicant
1067 3051 1167 3125 disti·

128 3156 229 3249 linae,
254 3154 406 3230 formam
419 3153 606 3229 vetustatis
621 3154 664 3227 ad
676 3157 880 3229 novitatem
895 3150 1168 3228 transmittunt?

101 3176 204 3331 {cce
227 3256 321 3328 enim
345 3256 381 3327 in
405 3256 521 3327 veteri
547 3257 625 3350 lege
651 3256 898 3331 animadverto
923 3253 1109 3326 castratam
1128 3253 1171 3325 li·

104 3358 258 3429 centiam
274 3352 393 3447 saepius
413 3355 568 3431 nubendi
583 3379 595 3442 ;
622 3370 765 3428 cautum
784 3355 835 3427 est
853 3356 888 3427 in
904 3354 1076 3444 levitico,
1104 3357 1167 3421 Sa-

101 3460 236 3525 cerdotes
251 3461 309 3525 mei
322 3480 386 3523 nrm
401 3468 467 3539 plus
491 3458 622 3525 nubent.
649 3454 787 3547 pulsum
801 3455 922 3527 dicere
939 3456 1043 3526 etiam
1063 3451 1169 3543 illud,

100 3553 183 3649 plus
202 3553 290 3646 effe,
318 3555 414 3644 quod
434 3552 539 3626 semel
562 3576 638 3628 non
658 3555 729 3637 est;
763 3555 861 3644 quod
880 3576 955 3626 non
970 3572 1081 3625 unum
1099 3548 1169 3644 est,

101 3674 272 3729 numerus
298 3654 370 3742 est3
408 3655 561 3744 denique
585 3654 667 3747 post
692 3675 801 3726 uuum
825 3655 953 3744 incipit
984 3673 1169 3727 numerus.

101 3750 225 3829 Unum
243 3770 361 3828 autem
377 3753 427 3826 est
443 3776 551 3825 omne
567 3753 665 3844 quod
681 3750 783 3824 semei
800 3752 861 3825 est.
887 3753 957 3825 Sed
973 3754 1007 3822 in
1024 3748 1170 3823 Christo

102 3849 331 3939 servabatur,
358 3856 447 3926 srcut
471 3857 506 3925 in
525 3854 681 3942 caeteris,
708 3855 757 3924 ita
775 3854 811 3923 in
835 3851 901 3924 isto
924 3872 1092 3942 quoque,
1118 3851 1168 3924 ie·

103 3953 155 4049 gis
177 3954 377 4043 plenitudo,
440 3954 528 4027 Inde
552 3954 658 4047 igitur
679 3951 772 4042 apud
799 3972 867 4023 nos
890 3952 1030 4043 plenius
1059 3965 1170 4040 utque

102 4049 262 4131 structus
293 4053 554 4146 praescribitur,
586 4051 690 4124 unius
717 4051 931 4122 matrimonii
960 4049 1029 4122 eise
1056 4070 1170 4142 opor-

104 4166 201 4253 tere,
227 4152 285 4250 qui
310 4153 508 4252 tdeguutur
530 4152 567 4228 in
591 4150 755 4247 otdincm
775 4149 1043 4228 sacerdotalem.
1098 4148 1171 4223 Us-

1044 4270 1115 4348 que
