692 1460
93 334 121 350 ΧΠ
228 345 230 347 v
306 342 406 355 βξ

92 372 158 393 stitui:
173 386 186 396 „
195 378 294 399 Quons1
308 378 421 393 ronse-r
435 378 547 393 Alvussus
563 378 622 393 cum

93 406 150 421 suls
166 406 274 421 §snmus
289 407 373 421 vzuon
388 406 481 421 ANJMAE
490 400 530 422 &c.
542 403 555 413 ‘⁴

135 438 185 460 Boni
196 438 302 460 consulent
310 438 363 460 hanc
372 438 461 460 censoria
488 446 555 461 meam
562 439 623 460 liber-

92 473 167 492 tatem,
185 474 256 489 omnes
268 468 295 492 ii,
315 474 407 496 quorum
420 467 464 488 usui
510 467 623 489 commodo

91 495 245 521 Tertullianum
260 495 328 524 edidi3
345 503 382 517 nec
397 495 497 517 Hallensis
515 495 581 517 editor
594 497 623 517 in-

92 524 224 553 dignabitur,
248 524 309 552 cujus
328 524 385 546 labor
406 531 444 552 per
463 531 531 545 meam
554 524 623 546 eidem

92 552 184 581 scriptori
201 552 314 581 impensam
328 560 399 574 curam
414 553 500 574 minime
515 552 623 574 frustratus

92 581 131 606 est,
147 581 198 610 alius
210 582 265 602 enim
274 581 344 607 mihi,
360 581 411 602 alius
426 581 557 604 Hallenfibus
571 582 624 604 Ter-

91 609 171 631 tulliani
181 609 294 631 recudendi
305 610 378 638 scopus
387 609 434 633 fuit.

134 649 181 677 Ego
187 646 273 677 quidem
282 648 295 670 fi
305 656 351 677 quae
361 656 406 670 mea
415 650 436 670 in
442 648 482 671 hoc
489 649 574 678 negotio
581 648 624 671 cul-

91 684 118 705 pa
129 677 163 702 est,
170 678 191 699 in
199 679 223 699 eo
229 678 299 705 patius
309 684 342 698 me
353 676 443 705 peccaffe
452 677 558 703 confiteor,
564 677 624 706 quod

92 707 181 727 nimium
197 706 296 727 delicatus
306 721 312 731 ,
334 706 355 727 &
370 707 391 727 in
408 705 526 727 Hallensem
542 712 624 728 textum

92 735 181 755 nimium
196 734 302 763 religiosus
316 741 357 755 non
373 734 444 762 piures
457 734 514 756 locos
528 735 622 760 vitiatos,

91 769 127 785 aut
141 763 243 791 suspefitos
252 769 290 791 per
301 764 423 784 variationes
433 763 476 785 illas
486 764 506 784 in
519 763 574 786 ealce
588 770 623 784 vo-

90 791 176 813 luminis
189 798 200 813 a
213 799 246 813 me
258 798 335 813 noratas
350 791 487 816 emendarim',
503 791 571 820 ficque
584 791 624 813 Le-

91 819 159 841 &ores
172 820 197 841 ab
211 820 244 842 illa
254 820 422 842 incommoditate
434 819 537 841 liberarim
546 835 551 845 ,
572 826 623 841 cum

124 856 134 871 a
144 847 274 878 frequentius
288 856 343 872 nunc
355 848 467 870 elenchum
480 847 623 871 variarumle-

113 877 186 900 ionum
197 877 314 901 consultum
324 879 353 899 ire
362 883 473 906 coguntur.

134 921 238 946 Alterum,
275 921 317 942 uod
330 928 437 945 moneam,
453 921 491 942 est:
508 920 621 941 austiorem

92 949 182 978 quadam
191 928 368 978 appendice‘tibi‚
384 950 459 970 Amice
473 949 564 977 optime,
580 955 623 976 prat

91 978 194 1003 Hallenfi,
212 985 283 1000 meum
294 978 448 999 Tertullianum
461 977 526 998 trado.
555 977 622 1005 Junxi

91 1008 149 1028 enim
158 1013 184 1027 ex
192 1006 278 1028 Parifina
286 1013 331 1028 mea
338 1006 451 1028 secundum
461 1005 582 1030 Pamelium,
592 1012 622 1030 ea,

108 1043 139 1057 uae
153 1035 216 1067 ligato
230 1035 322 1056 sermone
337 1035 371 1056 hic
390 1034 464 1056 author
477 1034 568 1062 scripffl,
587 1039 623 1055 aut

100 1064 187 1092 cripfisse
202 1063 289 1085 dicium:
309 1065 377 1092 primo
392 1064 419 1085 V.
432 1069 510 1084 Auos
526 1069 622 1084 unos

91 1098 204 1114 cerv-rim
219 1091 558 1120 MARC10NEM3hosquidem,
573 1091 622 1112 licet

92 1128 131 1142 nec
139 1127 260 1149 argumenta
272 1128 331 1146 nova,
341 1128 379 1142 nec
388 1121 518 1148 poeticarum
527 1119 579 1149 quid
588 1119 621 1140 de-

92 1149 186 1171 liciarum
199 1150 242 1171 imo
254 1156 280 1171 ne
290 1150 384 1170 metricas
396 1148 483 1178 quidem
492 1148 573 1177 regulas
586 1147 622 1169 ob-

92 1178 178 1199 servatas
192 1179 213 1199 in
230 1179 253 1199 iis
266 1178 438 1206 deprehenderim
449 1192 454 1202 ‚
474 1184 533 1206 aeque
547 1182 622 1204 parum

92 1207 191 1235 pneteriri
202 1206 277 1227 debere
283 1206 372 1232 credidi,
387 1214 409 1228 ac
414 1206 491 1227 Libros
501 1211 571 1227 contra
581 1206 623 1226 Na-

82 1254 85 1258 ,
93 1236 169 1261 πίστιες,
185 1242 227 1257 non
237 1235 328 1257 multum
337 1241 437 1257 mutatam
446 1233 621 1285 &multizadlme

551 1269 593 1285 lass-
