2400 4590
182 528 243 581 nr
276 506 706 582 Resurrecrrour
740 486 930 583 canule
1011 526 1082 600 575

30 668 97 743 nist
122 687 188 761 per
216 666 361 740 visibilis
382 664 581 739 substantie
607 664 923 742 resuscitationem.
984 664 1086 739 Male

34 769 156 841 Deum
181 780 342 859 norunt,
376 767 534 857 quinon
557 779 686 859 putant
708 766 806 839 illum
829 763 952 859 posse,
985 768 1085 856 quod

32 886 111 941 non
134 878 283 959 putant,
311 864 481 937 &tamen
495 864 609 937 sciunt
628 862 803 958 potuisse,
831 862 1087 937 srinstrumen·

32 978 111 1037 tum
131 966 282 1059 Joannis
302 974 449 1036 norunt.
500 964 574 1059 Qui
589 966 684 1037 enirn
703 966 836 1036 animae
859 962 974 1034 adbuc
992 964 1085 1035 solas
1109 982 1114 1009 ¹

31 1078 230 1154 martyrum
246 1061 308 1136 sub
328 1062 426 1133 altari
444 1062 666 1152 quiescentes
685 1060 888 1155 conspectui
911 1060 1084 1151 subdidit,

29 1162 149 1257 posset
164 1165 290 1252 utique
308 1160 341 1232 dr
360 1158 583 1255 resurgentes
602 1164 718 1234 oculis
737 1160 907 1233 exhibere
922 1160 994 1233 sine
1010 1178 1085 1233 car·

29 1284 91 1336 ne.
142 1262 194 1330 At
209 1282 278 1357 ego
295 1260 414 1333 Deum
432 1262 528 1332 malo
548 1260 717 1353 decipere
733 1279 808 1332 non
820 1258 940 1355 polle,
965 1256 1009 1331 de
1021 1258 1085 1331 fal-

28 1362 121 1433 lacia
133 1358 361 1432 solummodo
376 1354 568 1449 infirmum,
586 1378 634 1429 ne
651 1360 753 1432 aliter
767 1358 984 1431 documenta
996 1377 1086 1452 prae·

28 1458 155 1534 misisse
191 1478 294 1549 quarn
325 1476 400 1529 rern
429 1456 628 1551 disposuisse
661 1457 846 1531 videatur:
876 1456 953 1531 lrno
986 1456 1085 1530 nesr

30 1559 235 1652 exemplum
257 1553 522 1629 resurreslionis
542 1555 616 1628 fine
631 1576 739 1629 carne
755 1576 832 1629 non
849 1557 962 1628 valuit
983 1554 1084 1629 indu·

27 1677 143 1746 cere,
168 1657 285 1730 multo
307 1658 417 1751 magis
444 1654 705 1748 plenitudinem
728 1654 882 1749 exempli
898 1656 936 1727 in
958 1654 1085 1729 eadem

28 1752 219 1828 substantia
236 1755 406 1828 exhibere
425 1773 501 1825 non
520 1752 635 1847 potiit.
685 1754 836 1827 Nullum
851 1772 943 1826 vero
964 1774 1086 1828 exem·

28 1855 131 1947 plum
147 1855 257 1945 majus
275 1850 326 1924 est
346 1874 417 1945 eo,
442 1853 541 1943 cujus
558 1854 759 1947 exemplum
782 1851 844 1928 est.
895 1852 1013 1943 Maius
1032 1851 1084 1925 est

28 1965 152 2025 autem
173 1952 199 2025 fi
218 1953 343 2025 anime
362 1970 442 2025 cum
466 1970 624 2043 corpore
647 1951 946 2029 resuscitabuntur
963 1954 1000 2024 in
1019 1952 1085 2026 do·

26 2064 238 2125 cementum
258 2050 331 2123 sine
349 2069 507 2143 corpore
521 2048 749 2147 resurgendi,
773 2062 816 2124 ut
833 2062 913 2124 tota
926 2048 1084 2125 heminis

26 2150 120 2223 salus
146 2151 297 2223 dimidie
316 2151 632 2242 patrocinaretur,
659 2150 803 2242 quando
834 2152 1082 2245 exemplorum

27 2248 195 2321 conditio
218 2249 305 2321 illud
324 2250 445 2341 potius
461 2260 661 2341 expeteret.
713 2250 824 2346 Quod
841 2252 957 2323 minus
974 2249 1084 2322 habe-

26 2360 156 2439 retur,
182 2350 307 2419 anime
323 2346 407 2418 dico
427 2347 533 2418 solius
548 2345 872 2439 resurrectionem,
897 2350 1002 2419 uelut
1021 2369 1083 2443 gu-

26 2444 121 2520 stum
142 2447 258 2518 carnis
274 2444 380 2515 etiam
398 2442 639 2517 reurreeurae
657 2446 720 2519 suo
735 2450 772 2517 in
789 2460 965 2541 tempore.
1017 2446 1084 2517 At·
1156 2498 1161 2513 .

27 2566 102 2637 que
118 2545 209 2617 adeo
222 2542 413 2615 secundum
424 2539 579 2614 nostram
597 2544 674 2616 veri
686 2539 952 2617 estimationem
966 2564 1085 2616 exem·

26 2645 89 2739 pla
108 2646 167 2714 illa
184 2655 409 2714 mortuorum
433 2661 452 2710 a
472 2640 622 2714 domino
636 2640 881 2717 suscitatorum
902 2662 1084 2716 commen·

29 2745 164 2816 dabant
190 2740 331 2831 quidem
359 2738 586 2811 decernis&
613 2742 737 2814 animae
768 2737 1082 2833 resurrediionem,

28 2862 80 2918 ne
108 2844 165 2913 cui
187 2838 384 2911 substantie
409 2852 598 2935 negaretur
620 2840 693 2911 hoc
718 2838 865 2914 donum.
917 2842 1009 2936 Quae
1030 2853 1083 2913 te-

28 2962 116 3019 men
136 2941 299 3031 exempla
315 2958 363 3008 eo
381 2938 497 3010 minus
515 2938 644 3029 aliquid
662 2938 828 3014 edebant.
877 2938 968 3013 Non
987 2942 1083 3014 enirn

29 3042 252 3134 ingloriam,
277 3056 346 3109 nec
365 3039 401 3108 in
422 3038 821 3130 incorruptibilitatem,
853 3038 912 3112 sed
931 3040 969 3111 in
987 3058 1083 3113 mor-

30 3144 107 3210 tem
128 3140 228 3210 aliam
246 3135 517 3228 suscitabantur,
543 3156 646 3228 quam
665 3137 816 3210 ediderit
830 3136 998 3212 Christus.

112 3257 167 3330 39.
199 3234 535 3325 Resurrediionem,
571 3234 766 3329 apostolica
792 3258 935 3329 quoque
957 3235 1082 3308 instru-

30 3347 154 3412 menta
168 3334 349 3409 testantur.
400 3334 494 3409 Nam
511 3334 742 3428 &Apostolis
759 3338 893 3411 nullum
911 3334 1003 3407 aliud
1020 3356 1083 3407 ne·

30 3436 170 3534 gotium
193 3432 261 3505 fuit
278 3435 471 3528 duntaxat,
498 3436 589 3527 apud
610 3434 793 3527 lsraelem,
820 3456 923 3526 quarn
946 3436 1081 3507 ueteris

23 3533 232 3611 'testamenti
255 3533 447 3629 refignandi
473 3534 613 3607 &novi
634 3534 881 3629 consignandi,
908 3534 1080 3627 &potius

26 3638 100 3729 jam
118 3634 189 3707 Dei
210 3635 246 3705 in
267 3632 406 3706 Christo
430 3632 679 3707 concionandi.
727 3632 782 3706 Ita
805 3632 839 3704 dr
863 3634 908 3706 de
930 3630 1080 3705 resurre-

31 3734 152 3807 etione
171 3735 257 3806 nihil
282 3735 373 3804 novi
396 3733 619 3825 intulerunt,
655 3732 716 3806 nisr
739 3732 836 3824 quod
859 3732 892 3804 dt
916 3731 1021 3825 ipsam
1043 3733 1080 3805 in

30 3833 180 3928 gloriam
205 3831 330 3904 Christi
350 3834 634 3923 annunciabant,
668 3832 712 3905 de
735 3845 857 3903 cetero
880 3830 1080 3923 simplici&

27 3946 120 4006 nota
134 3934 204 4025 jam
223 3929 293 4004 side
309 3946 487 4026 receptam
503 3932 573 4003 fine
590 3934 661 4004 ulla
677 3930 853 4021 qualitatis
873 3930 1078 4023 quaestione,

24 4032 111 4108 solis
134 4033 390 4127 refragantibus
409 4030 622 4104 Sadducaeis:
657 4030 746 4101 adeo
769 4028 904 4103 facilius
929 4029 996 4102 fuit
1019 4050 1079 4103 ne-

23 4135 102 4234 gari
119 4133 157 4209 in
179 4144 298 4211 totum
317 4144 543 4209 mortuorum
562 4126 1001 4223 resurreuronem,.quam
1020 4130 1079 4202 ali-

71 4266 93 4287 ··
974 4244 1029 4303 ter
