2468 4530
86 614 137 721 32
228 624 277 727 Q.
303 621 435 698 Srrr.
459 618 604 697 Fron
628 616 992 697 T'riiruiiinirr

84 798 237 883 propter
257 780 421 859 Ecclesiae
443 784 633 859 honorem.
692 784 780 883 Quo
801 780 925 873 salvo,
957 780 1052 853 salva
1070 772 1144 875 pa'x'

85 884 149 963 est.
206 881 379 975 Alioquin
404 886 509 957 etiam
535 882 632 957 laicis
648 884 705 976 jus
731 882 791 957 est.
845 880 957 983 Quod
979 882 1072 953 enlin
1096 900 1144 952 ex

86 1004 191 1077 aequo
211 984 403 1077 accipitur,
432 1004 477 1056 ex
496 1002 600 1073 aequo
624 980 697 1055 dari
717 980 863 1075 potest,
894 980 956 1053 nisi
973 977 1145 1075 Episcopi

83 1086 157 1179 jain
176 1097 238 1157 aut
255 1080 486 1175 Presbyteri,
520 1096 582 1155 aut
596 1080 751 1154 Diaconi
772 1094 977 1172 vocantur,
1011 1080 1145 1152 discen·

87 1198 171 1275 tes,
209 1180 357 1255 Domini
389 1180 502 1254 serino
535 1202 612 1253 non
643 1182 752 1254 debet
781 1178 948 1255 abscondi
979 1178 1023 1251 ab
1053 1180 1145 1253 ullor

86 1280 482 1375 Proinde&baptismus
492 1300 592 1371 aeque
600 1279 671 1353 Dei
687 1278 809 1353 census
822 1282 865 1351 ab
876 1280 1148 1352 omnibusexerss

88 1382 162 1457 ceri
183 1380 322 1473 potest:
347 1378 406 1453 sed
429 1394 564 1473 quanto
587 1380 695 1473 magis
717 1381 814 1452 laicis
842 1378 1021 1471 disciplina
1043 1398 1149 1450 vere·

89 1478 228 1554 eundiae
255 1480 289 1553 &
314 1478 494 1553 modestia
517 1478 717 1573 incumbit,
757 1500 864 1569 quum
886 1500 927 1549 ea
953 1478 1148 1569 majoribus

90 1594 288 1673 competat,
304 1600 351 1652 ne
364 1578 425 1653 fibi
443 1576 624 1651 adsumant
640 1577 793 1652 dicatum
807 1574 975 1673 Episcopi
991 1574 1148 1651 officium

88 1674 338 1775 Episcopatus.
366 1676 573 1751 Aemulatio
584 1676 803 1753 schismatum
816 1690 929 1751 muter
946 1674 1005 1750 est.
1033 1680 1150 1747 Omnia

89 1778 184 1852 licere
201 1776 290 1850 dixit
302 1776 520 1851 sanffiffimus
536 1775 757 1871 Apostoliu,
777 1780 831 1866 sid
852 1802 919 1845 inii
940 1780 1044 1847 omnia
1063 1796 1152 1873 expe·

90 1880 168 1951 dire.
221 1874 380 1949 Sufficiat
400 1874 534 1950 scilieet
554 1878 589 1950 in
612 1876 872 1951 necesbtatibus
893 1888 935 1947 iit
951 1877 1083 1966 utaris,
1108 1874 1149 1949 si·

94 1976 178 2052 cubi
201 1988 263 2049 aut
283 1976 383 2063 loci,
417 1992 479 2049 aut
494 1978 690 2071 temporis,
717 1990 779 2049 aut
803 1974 963 2071 personae
986 1973 1149 2049 conditio

93 2076 290 2170 compellit.
340 2072 449 2148 Tune
469 2075 561 2150 enim
583 2074 780 2148 constantia
800 2074 1035 2149 succurrentis
1057 2074 1152 2147 exci-

92 2175 213 2273 pitur,
240 2196 347 2265 quum
363 2186 467 2271 urget
480 2174 737 2247 circumstantia
751 2176 995 2269 periclitantis.
1047 2176 1151 2274 Quo·

93 2275 189 2349 iiiam
209 2294 290 2347 reus
314 2276 383 2347 erit
402 2273 530 2366 perditi
551 2274 733 2367 hominis,
768 2276 792 2349 si
814 2272 1046 2368 supersederit
1064 2294 1152 2365 prae·

95 2372 207 2464 stare,
229 2373 326 2463 quod
340 2374 450 2446 libere
466 2374 598 2467 potuit.
648 2372 848 2447 Petulantia
863 2388 980 2445 autern
994 2372 1150 2445 mulieris

96 2492 176 2565 quie
197 2471 381 2565 usurpavit
404 2472 557 2566 docere,
591 2475 714 2565 utique
738 2494 813 2545 non
837 2475 942 2546 etiam
968 2472 1153 2567 tinguendi

93 2570 153 2665 jus
168 2571 228 2644 sibi
248 2572 384 2664 pariet,
412 2572 475 2645 nisi
495 2572 518 2645 si
541 2594 616 2663 qiiae
632 2593 732 2645 nova
753 2572 864 2645 bestia
883 2572 1047 2645 evenerit
1065 2571 1152 2643 sirni-

97 2662 142 2743 lis
159 2668 328 2765 pristine:
353 2686 395 2744 ut
415 2672 710 2763 quemadmodum
726 2673 785 2743 illa
798 2670 1005 2766 baptismum
1020 2670 1152 2743 aufere·

97 2772 183 2860 bat,
209 2770 260 2843 ita
283 2772 398 2863 aliqua
418 2792 483 2865 per
507 2770 541 2845 se
566 2792 646 2845 euni
669 2772 844 2845 conserat.
896 2770 1053 2863 Quodsi
1078 2790 1152 2863 quae

97 2866 212 2944 Paulo
239 2888 423 2963 perperam
446 2870 618 2964 adscripta
636 2869 740 2963 sunt,
767 2871 810 2943 ad
835 2871 1013 2943 licentiam
1036 2872 1152 2944 mulie·

99 2988 180 3041 runi
202 2968 357 3041 docendi
374 2970 629 3065 tinguendique
650 2970 868 3057 defendiint3
896 2966 1006 3041 sciant
1020 2970 1057 3040 in
1072 2967 1152 3042 Asia

100 3062 375 3161 Presbyterum,
390 3070 448 3161 qui
465 3090 541 3141 eain
554 3066 759 3163 scripturam
774 3067 991 3159 construxit,
1007 3068 1098 3158 quali
1114 3069 1152 3139 ti·

102 3166 183 3237 tulo
203 3164 298 3245 Pauli
317 3165 361 3238 de
379 3166 441 3239 suo
462 3168 662 3261 cumulans,
677 3166 882 3242 conuitium
898 3178 1003 3255 atque
1020 3164 1152 3237 confes

102 3260 178 3339 sum
193 3262 229 3338 id
242 3262 276 3337 se
291 3286 412 3339 amore
427 3266 523 3339 Pauli
538 3266 676 3361 fecisse,
703 3270 790 3341 loco
807 3264 988 3341 decessisse.
1039 3268 1152 3365 Qnim

104 3363 201 3437 enini
217 3360 301 3436 fidei
319 3366 519 3457 proximum
539 3368 743 3461 uideretur,
770 3382 810 3439 iit
824 3370 853 3439 is
871 3364 1023 3438 docendi
1043 3366 1076 3439 u
1091 3366 1152 3438 tin·

155 3464 236 3536 endi
257 3463 357 3536 daret
379 3464 516 3537 feminee
532 3466 767 3560 potestatem,
793 3466 851 3558 qui
869 3486 915 3536 iie
933 3464 1065 3537 discere
1086 3464 1152 3555 qui-

23 3620 26 3627 .
131 3584 187 3636 eni
207 3560 411 3636 constanter
427 3564 562 3637 mulieri
581 3567 745 3659 permisit.
801 3562 965 3659 Taceaiii,
991 3562 1152 3659 inquit&

105 3660 188 3734 domi
201 3668 331 3735 meritos
344 3665 415 3752 suos
433 3664 608 3753 consuiant.

184 3772 238 3843 18.
264 3762 433 3837 Ceterum
457 3764 665 3857 baptismum
688 3786 765 3838 non
788 3781 923 3839 temere
947 3762 1152 3837 credendum

108 3856 180 3933 effe
197 3859 334 3953 sciunt,
364 3884 516 3955 quorum
538 3862 693 3939 officium
712 3864 772 3939 est.
843 3864 952 3939 Omni
974 3864 1111 3957 petenti
1129 3876 1152 3933 ti

109 3956 220 4049 dato,
253 3960 351 4037 suum
372 3964 482 4037 habet
504 3964 644 4037 titulum
666 3966 812 4057 perinde
836 3964 878 4035 ad
904 3960 1152 4053 eleemosynnn

109 4060 362 4153 pertinentem.
418 4060 497 4137 Imo
520 4062 606 4137 illud
626 4064 749 4159 potius
771 4062 1071 4159 perspiciendum,
1101 4064 1152 4132 Ni

106 4158 170 4230 lire
181 4162 255 4231 dure
262 4160 409 4249 santium
420 4162 566 4251 canibus,
584 4162 623 4241 σ
635 4168 736 4261 porcis
746 4168 895 4263 projicere
909 4165 1096 4256 margaritas
1111 4184 1152 4229 ve

93 4258 189 4351 strat
196 4304 215 4351 ,
240 4258 409 4335 &marius
427 4285 468 4333 ne
476 4260 576 4355 facili
594 4262 795 4361 impuberis,
820 4288 861 4335 ne
870 4266 1043 4362 participes
1059 4262 1152 4331 aliem

648 4380 651 4387 '
1043 4361 1117 4433 deii·
