2400 4590
100 490 148 564 90
228 470 274 567 Q.
302 466 439 557 Srer.
466 467 608 541 Fron.
635 466 1003 563 Tarruttrnnr

97 628 250 727 speciem
277 628 432 703 salutaris
461 630 648 723 disciplina
673 631 875 726 gubernet,
916 628 1001 721 quid
1024 628 1153 712 minrm

98 729 194 819 quod
215 730 319 802 etiam
337 732 552 821 poenitentiae
568 728 758 823 ministrat,
783 726 1008 821 solitaeiapsrs
1026 726 1152 803 subve-

96 828 194 917 nire,
213 849 292 901 cum
307 830 479 923 disjuncto
497 831 746 921 matrimoni0,
771 850 816 901 ex
833 850 874 900 ea
888 844 1007 902 tamen
1023 826 1150 923 caussa,

97 948 166 1017 qua
188 928 273 1001 licet
289 926 347 1001 seu
367 932 471 1024 viro,
498 928 558 1004 seu
573 928 710 1003 feminae
728 928 771 1000 ad
787 928 967 999 viduitatis
987 925 1153 1021 perseve-

96 1028 247 1099 tantiam
260 1024 441 1120 sustineri,
469 1032 543 1107 haec
561 1026 757 1121 exsentiat,
784 1028 859 1102 haec
876 1042 1048 1121 exoptat,
1074 1028 1153 1101 haec

96 1142 226 1199 exorat
255 1128 497 1221 paenitentiam
536 1127 750 1223 quandoque
780 1127 947 1217 inituriS,
994 1126 1152 1203 salntem.

97 1226 281 1321 Quantum
300 1228 387 1301 boni
406 1234 545 1323 utrique
565 1230 728 1321 confert,
755 1228 904 1301 alterum
924 1246 999 1299 non
1018 1226 1150 1299 aduste·

95 1345 173 1397 rum
198 1324 308 1416 facit,
334 1332 483 1405 aiterum
506 1330 681 1403 emendat.
731 1326 789 1399 Sic
813 1326 846 1399 &
868 1324 935 1405 illis
960 1325 1157 1413 dominica·¹

94 1442 172 1497 rum
191 1424 449 1503 similitudinum
465 1430 634 1521 exemplis
658 1428 701 1501 de
720 1427 891 1521 patientia
909 1424 1029 1498 sanctis
1046 1424 1157 1525 adest,

94 1518 293 1601 Erroneam
310 1550 418 1603 ovem
436 1530 606 1623 patientia
617 1528 764 1621 pastoris
782 1526 981 1619 requirit&
999 1526 1153 1601 invenit.

94 1620 190 1697 Nam
214 1629 433 1719 impatientia
456 1652 559 1703 uriam
580 1630 681 1704 sacile
698 1640 969 1726 comtemneret.
1019 1622 1089 1699 Sed
1103 1626 1153 1698 l'a·

94 1722 222 1797 borcm
245 1729 479 1817 inquisitionis
497 1730 668 1823 patientia
687 1725 846 1820 suscipit,
874 1724 907 1799 dt
928 1724 1082 1797 humeris
1100 1726 1155 1800 in·

94 1820 198 1917 supet
216 1825 362 1900 advehit
377 1832 515 1919 bajulus
536 1832 671 1924 patiens
687 1826 923 1922 peccatricem
937 1822 1152 1900 derelictam.
1192 1895 1194 1901 .

93 1918 196 1997 Illum
222 1926 365 2017 quoque
387 1930 575 2025 prodigum
596 1923 705 2001 filium
727 1926 897 2021 patientia
916 1926 1024 2016 patris
1044 1922 1079 1997 ἃ
1097 1946 1153 1999 re·
1192 2002 1194 2015 ,

63 2089 67 2098 .
95 2024 203 2116 cipit,
230 2026 263 2097 dt
282 2024 408 2121 vestit,
436 2030 469 2101 dr
485 2027 613 2122 pascit,
641 2028 675 2099 &
691 2026 784 2125 apud
799 2024 1053 2119 impatientiam
1068 2020 1151 2114 irati

93 2120 211 2195 fratris
232 2124 385 2201 excusat.
435 2129 562 2201 Salvus
587 2126 638 2201 est
657 2126 763 2222 igitur
782 2126 841 2221 qui
863 2124 1043 2217 perierat,
1070 2123 1153 2215 quia

92 2223 337 2313 poenitentiam
357 2228 447 2303 iniit.
508 2226 718 2301 Poenitentia
739 2246 814 2298 non
838 2223 957 2319 perit,
992 2224 1072 2315 quia
1092 2246 1154 2317 pa·

93 2322 252 2395 tientiam
275 2326 424 2402 invenit.
475 2325 569 2401 Nam
587 2326 728 2399 diledtio
749 2324 917 2397 summum
938 2320 1019 2395 fidei
1043 2319 1153 2395 sacra·

92 2436 274 2513 mentum,
309 2424 494 2501 Christiani
516 2426 668 2501 nominis
694 2422 899 2514 thesaurus,
928 2443 1031 2513 qnam
1048 2418 1153 2514 Apo·

92 2518 203 2591 stolus
227 2526 315 2595 totis
333 2528 469 2599 viribus
489 2526 592 2601 sancti
612 2524 749 2619 spiritus
772 2522 1020 2615 commendat,
1049 2522 1153 2613 cnjus

93 2619 153 2695 nisi
178 2626 356 2713 patientiae
379 2626 567 2719 disciplinis
595 2620 785 2699 eruditur?
826 2620 988 2709 Diiesiio,
1021 2619 1152 2715 inquit,

92 2732 302 2811 tnagrranrmir
329 2727 377 2822 tsi.
438 2726 720 2819 inpatientiam
747 2720 861 2799 sumit.
923 2724 1063 2811 Benefica
1087 2722 1156 2819 eft:

93 2818 222 2895 malam
247 2828 417 2915 patientia
439 2848 515 2899 non
533 2828 641 2911 sacit;
668 2827 930 2895 narramusarrr:
956 2822 991 2893 id
1008 2819 1155 2915 quidem

92 2920 274 3011 patientiae
292 2926 475 3015 proprium
494 2924 554 3000 est.
613 2930 683 2999 Nec
702 2940 885 3018 protervum
904 2922 1002 3019 firpit,
1028 2920 1154 2994 mode·

93 3016 191 3093 stiam
210 3022 253 3094 de
274 3024 445 3115 patientia
465 3024 591 3097 traxit:
617 3049 679 3093 non
697 3020 856 3113 inflatur,
880 3042 957 3095 non
979 3022 1154 3119 proterit,

94 3138 170 3193 non
196 3122 288 3197 enim
315 3122 357 3195 ad
375 3124 581 3213 patientiam
602 3122 769 3217 pertinet.
830 3126 901 3197 Nec
914 3124 976 3211 sua
1000 3124 1154 3218 requirit,

94 3215 245 3295 sroffert
261 3222 337 3315 sua,
365 3224 447 3297 dum
468 3224 566 3297 aiteri
588 3224 718 3316 prosrt3
746 3248 801 3294 nec
818 3225 985 3293 imitatur.
1036 3218 1153 3295 Caete·

95 3339 174 3395 rum
193 3322 276 3415 qnid
299 3322 525 3415 impatientiae
548 3320 766 3415 reliquisset?
805 3324 897 3413 ideo,
929 3319 1067 3413 inquit,
1102 3320 1155 3401 di,

96 3418 187 3489 Iefir'n
216 3422 467 3519 tnttt'asuflt'ttet,
488 3432 591 3495 omitia
608 3424 739 3508 tolerat,
765 3424 888 3515 utique
902 3423 982 3513 quia
999 3419 1152 3524 patiens,

95 3518 234 3595 Merito
256 3542 339 3617 ergo
363 3542 539 3615 nunquam
561 3522 724 3597 excidet:
750 3544 829 3595 nam
854 3536 981 3593 catera
999 3540 1158 3613 evacua,-

94 3620 255 3715 buntur,
289 3622 635 3697 consummabuntur.
702 3622 967 3695 Exhauriuntur·
997 3619 1153 3713 linguar,

96 3718 273 3810 scientiae,
306 3722 527 3817 prophetiae:
560 3740 746 3817 permanant
762 3723 839 3811 fidet
856 3774 867 3810 ,
895 3721 988 3817 spat,
1013 3719 1156 3807 dt'ltfdr'm

95 3813 198 3891 Fides
223 3841 324 3911 quam
343 3816 467 3895 Christi
489 3822 660 3915 patientia
678 3820 828 3895 induxit.
887 3820 1006 3915 Spes,
1044 3840 1157 3911 quant

95 3916 248 3991 hominis
274 3924 444 4013 patientia
469 3918 655 4015 exspectat.
717 3916 893 4015 Discedo,
935 3939 1039 4013 quarn
1061 3916 1155 3999 Deo

96 4014 260 4117 magistro
280 4022 453 4113 patientia
471 4024 672 4098 comitatur.

944 4236 999 4320 13.
1025 4216 1105 4293 Ua·
