2400 4590
84 578 148 642 ba
170 519 954 679 iabrcitrrrorr'raus'risusr'r'c.
1002 562 1078 665 479⁶

46 782 48 797 ,
64 724 241 822 apparitio
260 722 419 817 devota,
450 694 486 797 da
504 720 681 820 prosciiio
703 690 892 820 modestas
911 724 950 799 dt·
961 688 1079 821 ecclc}

46 827 196 921 cunita,
224 822 258 898 &
273 822 347 907 De'i
363 822 495 899 omnia
536 870 538 875 s

88 998 147 1067 44.
183 970 341 1047 Proinde
367 970 444 1047 haec
464 970 636 1065 preffiora
659 970 756 1065 apud
782 992 851 1046 nos
877 970 1080 1055 testimonia

46 1075 203 1168 Lscipiinae
221 1072 266 1146 ad
287 1071 541 1166 probationem
562 1070 727 1145 veritatis
752 1073 946 1148 accedunt:
964 1066 991 1149 ‘a
1009 1096 1080 1169 qua

46 1188 197 1248 uertere
218 1172 350 1246 nemini
369 1169 537 1267 expedit,
563 1169 624 1263 qui
642 1171 845 1246 meminerit
861 1168 972 1247 mour
986 1174 1079 1267 jndi-
1181 1168 1186 1175 '

48 1277 59 1346 i
84 1295 157 1366 quo
184 1290 309 1347 omnes
328 1291 397 1344 nos
421 1264 568 1345 necesse·
585 1268 637 1344 est
655 1269 750 1364 apud
771 1266 901 1345 Christi
921 1275 1081 1351 tribunal

46 1374 155 1465 iare,
190 1371 384 1445 reddentes
408 1370 588 1445 radonem
620 1368 660 1443 in
692 1369 815 1463 primis
847 1371 953 1465 ipsius
981 1370 1099 1452 fideie-

46 1474 115 1546 »uid
141 1492 227 1568 ergo
250 1470 400 1565 dicent,
436 1470 496 1562 qui
519 1469 614 1543 illam
635 1466 877 1563 mpravarnt
899 1471 1101 1551 adulterio

46 1565 216 1664 ¹aeretico,
250 1569 425 1666 virginem
443 1568 609 1647 traditam
624 1589 645 1641 a
659 1565 827 1644 Christos
858 1566 980 1646 Credo
997 1574 1080 1650 aile-
1163 1558 1170 1587 ‘

46 1674 153 1746 abunt
175 1670 264 1744 nihil
282 1688 437 1762 unquam
458 1666 522 1743 fibi
552 1669 598 1743 ab
629 1666 694 1741 illo
724 1658 788 1743 vei
817 1670 862 1743 ab
890 1666 1079 1769 Apostoti'r
1128 1716 1131 1721 ·

46 1776 116 1864 ius,
140 1769 185 1844 de
203 1770 303 1844 saevia
326 1768 361 1841 dr
381 1768 560 1875 petveris
577 1765 748 1842 bortrinis
766 1768 897 1844 suturis
919 1790 1081 1864 pronun·

46 1875 172 1962 iatum,'
198 1867 296 1943 &de
313 1866 485 1943 mvendis
504 1854 539 1940 dt
561 1865 606 1941 de
623 1866 868 1943 abominandis
888 1870 974 1963 quid
990 1892 1080 1967 prae-
1115 1916 1124 1933 ,

46 1968 189 2064 aptum?
214 1965 428 2066 Agnoscent
440 1966 534 2043 suam
546 1966 671 2061 potius
690 1968 852 2064 culparm
878 1982 982 2061 quam
999 1970 1081 2047 suos

46 2092 126 2163 am,
157 2070 216 2161 qui
239 2089 309 2142 nos
334 2080 419 2143 ante
439 2064 728 2160 prastruxerunt
784 2064 969 2161 Adiicient
992 2093 1106 2167 pro·-

46 2190 119 2244 trea
133 2170 244 2242 multa
259 2167 304 2241 de
320 2168 513 2241 autoritate
534 2167 707 2261 cujusque
726 2162 886 2241 dosioris
905 2168 1079 2267 heretici,

46 2272 101 2342 ios
113 2271 264 2341 maxime
277 2266 446 2341 dosirinae
461 2265 529 2339 suas
539 2262 646 2342 fidem
657 2262 894 2363 confirmasse,
911 2281 1080 2346 mortuos

46 2365 213 2462 scitatis,
241 2367 375 2440 debiles
391 2364 621 2459 reformasse,
646 2364 1000 2462 futurasrgnificaiie:
1024 2373 1081 2446 uti

46 2469 147 2543 terito
165 2465 333 2560 Apostoli
348 2465 601 2557 crederentur,
628 2466 722 2557 quast
734 2486 803 2539 nec
820 2467 893 2541 boc
912 2468 1081 2565 scriptum
1186 2540 1189 2545 .

46 2583 87 2660 t,
121 2581 300 2639 venturos
326 2565 485 2658 multos,
519 2562 578 2655 qui
604 2564 711 2636 ctiam
733 2566 886 2638 virtutes
910 2571 1079 2644 maximas

46 2666 230 2759 iderunt,
258 2664 301 2736 ad
319 2663 493 2736 fallaciam
513 2660 740 2736 muniendam
755 2678 936 2757 corruptas
956 2668 1083 2762 praedis

46 2767 183 2841 ationis.
234 2763 360 2856 Itaque
380 2762 522 2837 veniam
539 2761 784 2838 merebuntur.
835 2762 873 2835 Si
895 2784 989 2839 vero
1007 2780 1082 2842 mei

46 2886 139 2940 tores
153 2861 460 2939 dominicarum&
476 2854 749 2956 apostolicamm
762 2858 1081 2945 denuntiationum

46 2988 57 3038 r
76 2963 147 3039 fide
163 2966 301 3062 integra
312 2962 493 3054 steterint,
518 2960 630 3037 oredo
647 2960 693 3036 de
707 2963 816 3040 venia
828 2966 1082 3059 periclitabuna

46 3085 105 3159 rr,
131 3065 374 3159 respondente
388 3060 489 3136 Deo:
514 3063 841 3156 pronunciaveram
860 3065 967 3158 plane
983 3066 1082 3176 futu·-

46 3185 82 3237 as
106 3163 251 3237 fallacia
271 3162 456 3261 magisbos
476 3161 513 3235 in
535 3182 621 3237 meo
640 3164 810 3258 nomine,
835 3162 1083 3262 &propheta-

46 3284 124 3356 um,
155 3263 190 3335 u
214 3263 460 3359 apostolorum
480 3263 599 3338 etiam
623 3310 626 3317 -
658 3258 709 3336 Et
729 3260 945 3339 discentibus
970 3268 1081 3363 meis,

46 3361 148 3436 adem
161 3361 205 3435 ad
220 3385 288 3436 vos
302 3363 515 3459 predicare,
539 3360 814 3452 mandaveram
840 3363 899 3437 sed
915 3384 996 3438 cum
1008 3384 1083 3440 vos

46 3483 98 3536 on
115 3460 331 3555 crederetis,
357 3461 463 3537 semel
478 3460 702 3557 evangeliun
723 3461 758 3535 dt
775 3462 934 3556 eiusdem
949 3465 1084 3561 regule

46 3560 219 3636 ostrinam
233 3561 404 3656 apostolis
417 3563 505 3636 meis
519 3559 785 3659 delegaveram:
810 3560 869 3635 sed
881 3562 986 3636 libuit
995 3554 1085 3640 mibi

46 3661 146 3735 ostea
161 3661 275 3753 aliqua
292 3662 377 3734 inde
394 3675 541 3735 mutare
591 3659 901 3734 Resurrsdiionem
914 3663 1083 3755 promise

46 3780 96 3835 am
117 3762 223 3834 etiarn
249 3762 388 3834 carnis:
422 3757 481 3834 sed
502 3756 734 3857 recogitari,
767 3780 814 3833 ne
835 3761 985 3855 implere
1005 3772 1084 3839 nori

46 3858 169 3936 osiam.
222 3859 359 3935 Natum
383 3881 441 3933 me
464 3858 687 3933 ostenderam
701 3880 748 3933 ex
762 3861 922 3954 virgine,
944 3857 1086 3957 sedpoa

46 3980 97 4033 :ea
116 3975 224 4053 turpe
244 3960 330 4034 mibi
345 3959 458 4033 visbm
474 3958 535 4033 cib
585 3956 727 4033 Patrem
742 3958 922 4055 dixeram,
950 3961 1010 4052 qui
1026 3958 1085 4035 so·

46 4059 411 4157 rm&pluviasfacit:
438 4056 497 4132 sed
511 4058 598 4131 alius
610 4080 668 4132 me
682 4070 784 4152 pater
794 4050 919 4131 melius
935 4062 1085 4154 adopto
1108 4094 1111 4099 ·

47 4160 90 4236 it.
150 4158 410 4237 Prohibueram
423 4177 497 4234 vos
512 4168 636 4237 arsam
651 4157 927 4235 accommodata
943 4160 1084 4235 horem

964 4278 1031 4356 crs,
1141 4325 1152 4351 χ
