<?xml version="1.0" encoding="UTF-8"?>
<!DOCTYPE html PUBLIC "-//W3C//DTD XHTML 1.0 Transitional//EN"
    "http://www.w3.org/TR/xhtml1/DTD/xhtml1-transitional.dtd">
<html xmlns="http://www.w3.org/1999/xhtml" xml:lang="en" lang="en">
 <head>
  <title>
</title>
<meta http-equiv="Content-Type" content="text/html;charset=utf-8" />
  <meta name='ocr-system' content='tesseract 3.04.00' />
  <meta name='ocr-capabilities' content='ocr_page ocr_carea ocr_par ocr_line ocrx_word'/>
</head>
<body>
  <div class='ocr_page' id='page_1' title='image "./operaomniasanct03librgoog_0115.png"; bbox 0 0 2400 4590; ppageno 0'>
   <div class='ocr_carea' id='block_1_1' title="bbox 114 478 1003 583">
    <p class='ocr_par' dir='ltr' id='par_1_1' title="bbox 114 478 1003 583">
     <span class='ocr_line' id='line_1_1' title="bbox 114 478 1003 583; baseline -0.003 -25"><span class='ocrx_word' id='word_1_1' title='bbox 114 506 162 579; x_wconf 75' lang='lat' dir='ltr'><strong>pa</strong></span> <span class='ocrx_word' id='word_1_2' title='bbox 272 478 1003 583; x_wconf 74' lang='lat' dir='ltr'><strong>Q.Sarr.Fton.Taarut1au1</strong></span> 
     </span>
    </p>
   </div>
   <div class='ocr_carea' id='block_1_2' title="bbox 106 640 1176 4207">
    <p class='ocr_par' dir='ltr' id='par_1_2' title="bbox 111 640 1176 917">
     <span class='ocr_line' id='line_1_2' title="bbox 113 640 1163 739; baseline 0.004 -24"><span class='ocrx_word' id='word_1_3' title='bbox 113 656 156 717; x_wconf 88' lang='lat' dir='ltr'><strong>ut</strong></span> <span class='ocrx_word' id='word_1_4' title='bbox 171 642 342 733; x_wconf 88' lang='lat' dir='ltr'><strong>verbera,</strong></span> <span class='ocrx_word' id='word_1_5' title='bbox 365 654 409 715; x_wconf 95' lang='lat' dir='ltr'><strong>ut</strong></span> <span class='ocrx_word' id='word_1_6' title='bbox 422 643 559 735; x_wconf 83' lang='lat' dir='ltr'><strong>ignem,</strong></span> <span class='ocrx_word' id='word_1_7' title='bbox 584 656 626 717; x_wconf 92' lang='lat' dir='ltr'><strong>ut</strong></span> <span class='ocrx_word' id='word_1_8' title='bbox 647 662 809 739; x_wconf 87' lang='lat' dir='ltr'><strong>crucem,</strong></span> <span class='ocrx_word' id='word_1_9' title='bbox 833 640 985 733; x_wconf 81' lang='lat' dir='ltr'><strong>bestias,</strong></span> <span class='ocrx_word' id='word_1_10' title='bbox 1008 640 1163 739; x_wconf 82' lang='lat' dir='ltr'><strong>gladium</strong></span> 
     </span>
     <span class='ocr_line' id='line_1_3' title="bbox 113 740 1176 843; baseline 0.003 -28"><span class='ocrx_word' id='word_1_11' title='bbox 113 741 383 817; x_wconf 85' lang='lat' dir='ltr'><strong>constantiflime</strong></span> <span class='ocrx_word' id='word_1_12' title='bbox 397 742 553 837; x_wconf 90' lang='lat' dir='ltr'><strong>toleret,</strong></span> <span class='ocrx_word' id='word_1_13' title='bbox 581 762 658 835; x_wconf 87' lang='lat' dir='ltr'><strong>quae</strong></span> <span class='ocrx_word' id='word_1_14' title='bbox 675 746 879 840; x_wconf 82' lang='lat' dir='ltr'><strong>prophete,</strong></span> <span class='ocrx_word' id='word_1_15' title='bbox 905 762 982 833; x_wconf 83' lang='lat' dir='ltr'><strong>quae</strong></span> <span class='ocrx_word' id='word_1_16' title='bbox 994 740 1176 843; x_wconf 76' lang='lat' dir='ltr'><strong>Apostoli·</strong></span> 
     </span>
     <span class='ocr_line' id='line_1_4' title="bbox 111 840 510 917; baseline -0.005 -1"><span class='ocrx_word' id='word_1_17' title='bbox 111 840 315 917; x_wconf 85' lang='lat' dir='ltr'><strong>sustinendo</strong></span> <span class='ocrx_word' id='word_1_18' title='bbox 333 843 510 915; x_wconf 82' lang='lat' dir='ltr'><strong>vicerunt</strong></span> 
     </span>
    </p>

    <p class='ocr_par' dir='ltr' id='par_1_3' title="bbox 106 936 1172 4207">
     <span class='ocr_line' id='line_1_5' title="bbox 194 936 1163 1035; baseline 0.002 -22"><span class='ocrx_word' id='word_1_19' title='bbox 194 962 248 1030; x_wconf 84' lang='lat'><strong>14.</strong></span> <span class='ocrx_word' id='word_1_20' title='bbox 273 940 345 1013; x_wconf 93' lang='lat' dir='ltr'><strong>Hic</strong></span> <span class='ocrx_word' id='word_1_21' title='bbox 369 940 547 1035; x_wconf 85' lang='lat' dir='ltr'><strong>patientiae</strong></span> <span class='ocrx_word' id='word_1_22' title='bbox 569 940 706 1013; x_wconf 89' lang='lat' dir='ltr'><strong>viribus</strong></span> <span class='ocrx_word' id='word_1_23' title='bbox 726 940 865 1015; x_wconf 85' lang='lat' dir='ltr'>secatur</span> <span class='ocrx_word' id='word_1_24' title='bbox 884 936 1025 1031; x_wconf 81' lang='lat' dir='ltr'>Esaias,</span> <span class='ocrx_word' id='word_1_25' title='bbox 1059 938 1095 1011; x_wconf 82' lang='lat' dir='ltr'><strong>dc</strong></span> <span class='ocrx_word' id='word_1_26' title='bbox 1116 940 1163 1015; x_wconf 85' lang='lat' dir='ltr'><strong>de</strong></span> 
     </span>
     <span class='ocr_line' id='line_1_6' title="bbox 112 1040 1166 1135; baseline 0.003 -20"><span class='ocrx_word' id='word_1_27' title='bbox 112 1041 262 1115; x_wconf 79' lang='lat' dir='ltr'><strong>domino</strong></span> <span class='ocrx_word' id='word_1_28' title='bbox 274 1061 351 1115; x_wconf 91' lang='lat' dir='ltr'><strong>non</strong></span> <span class='ocrx_word' id='word_1_29' title='bbox 367 1052 475 1115; x_wconf 83' lang='lat' dir='ltr'><strong>tacet</strong></span> <span class='ocrx_word' id='word_1_30' title='bbox 525 1040 717 1134; x_wconf 86' lang='lat' dir='ltr'><strong>Lapidatur</strong></span> <span class='ocrx_word' id='word_1_31' title='bbox 732 1041 951 1135; x_wconf 88' lang='lat' dir='ltr'><strong>Stephanus,</strong></span> <span class='ocrx_word' id='word_1_32' title='bbox 970 1040 1166 1119; x_wconf 85' lang='lat' dir='ltr'><strong>&amp;veniam</strong></span> 
     </span>
     <span class='ocr_line' id='line_1_7' title="bbox 111 1138 1161 1233; baseline -0.006 -18"><span class='ocrx_word' id='word_1_33' title='bbox 111 1139 272 1215; x_wconf 83' lang='lat' dir='ltr'><strong>hostibus</strong></span> <span class='ocrx_word' id='word_1_34' title='bbox 287 1138 356 1213; x_wconf 80' lang='lat' dir='ltr'><strong>suit</strong></span> <span class='ocrx_word' id='word_1_35' title='bbox 371 1140 536 1233; x_wconf 89' lang='lat' dir='ltr'><strong>postulat.</strong></span> <span class='ocrx_word' id='word_1_36' title='bbox 589 1140 867 1215; x_wconf 62' lang='lat' dir='ltr'><strong>Ostlicillimum</strong></span> <span class='ocrx_word' id='word_1_37' title='bbox 884 1142 982 1217; x_wconf 90' lang='lat' dir='ltr'><strong>illum</strong></span> <span class='ocrx_word' id='word_1_38' title='bbox 1001 1160 1161 1232; x_wconf 89' lang='lat' dir='ltr'><strong>quoque,</strong></span> 
     </span>
     <span class='ocr_line' id='line_1_8' title="bbox 113 1238 1164 1331; baseline -0.001 -20"><span class='ocrx_word' id='word_1_39' title='bbox 113 1244 175 1331; x_wconf 89' lang='lat' dir='ltr'><strong>qui</strong></span> <span class='ocrx_word' id='word_1_40' title='bbox 197 1260 340 1313; x_wconf 88' lang='lat' dir='ltr'><strong>omnem</strong></span> <span class='ocrx_word' id='word_1_41' title='bbox 359 1241 538 1331; x_wconf 79' lang='lat' dir='ltr'><strong>patientie</strong></span> <span class='ocrx_word' id='word_1_42' title='bbox 563 1238 713 1331; x_wconf 90' lang='lat' dir='ltr'><strong>speciem</strong></span> <span class='ocrx_word' id='word_1_43' title='bbox 739 1239 904 1313; x_wconf 87' lang='lat' dir='ltr'><strong>adversus</strong></span> <span class='ocrx_word' id='word_1_44' title='bbox 928 1260 1069 1313; x_wconf 86' lang='lat' dir='ltr'><strong>ornnem</strong></span> <span class='ocrx_word' id='word_1_45' title='bbox 1092 1238 1164 1311; x_wconf 88' lang='lat' dir='ltr'><strong>dia-</strong></span> 
     </span>
     <span class='ocr_line' id='line_1_9' title="bbox 111 1339 1163 1434; baseline 0 -23"><span class='ocrx_word' id='word_1_46' title='bbox 111 1340 188 1411; x_wconf 90' lang='lat' dir='ltr'><strong>boli</strong></span> <span class='ocrx_word' id='word_1_47' title='bbox 211 1339 283 1412; x_wconf 88' lang='lat' dir='ltr'><strong>vim</strong></span> <span class='ocrx_word' id='word_1_48' title='bbox 309 1339 505 1430; x_wconf 83' lang='lat' dir='ltr'>expunxit!</span> <span class='ocrx_word' id='word_1_49' title='bbox 541 1360 645 1431; x_wconf 91' lang='lat' dir='ltr'><strong>quem</strong></span> <span class='ocrx_word' id='word_1_50' title='bbox 667 1361 744 1412; x_wconf 89' lang='lat' dir='ltr'><strong>non</strong></span> <span class='ocrx_word' id='word_1_51' title='bbox 768 1339 882 1413; x_wconf 77' lang='lat' dir='ltr'><strong>abadii</strong></span> <span class='ocrx_word' id='word_1_52' title='bbox 903 1360 1053 1434; x_wconf 81' lang='lat' dir='ltr'><strong>greges,</strong></span> <span class='ocrx_word' id='word_1_53' title='bbox 1086 1358 1163 1411; x_wconf 89' lang='lat' dir='ltr'><strong>non</strong></span> 
     </span>
     <span class='ocr_line' id='line_1_10' title="bbox 110 1436 1163 1531; baseline 0.002 -20"><span class='ocrx_word' id='word_1_54' title='bbox 110 1439 180 1511; x_wconf 80' lang='lat' dir='ltr'><strong>illa</strong></span> <span class='ocrx_word' id='word_1_55' title='bbox 205 1438 242 1511; x_wconf 91' lang='lat' dir='ltr'><strong>in</strong></span> <span class='ocrx_word' id='word_1_56' title='bbox 263 1459 398 1531; x_wconf 91' lang='lat' dir='ltr'><strong>pecore</strong></span> <span class='ocrx_word' id='word_1_57' title='bbox 423 1438 582 1529; x_wconf 84' lang='lat' dir='ltr'><strong>diuitiae,</strong></span> <span class='ocrx_word' id='word_1_58' title='bbox 607 1460 684 1511; x_wconf 92' lang='lat' dir='ltr'><strong>non</strong></span> <span class='ocrx_word' id='word_1_59' title='bbox 709 1436 772 1511; x_wconf 87' lang='lat' dir='ltr'><strong>filii</strong></span> <span class='ocrx_word' id='word_1_60' title='bbox 793 1460 868 1511; x_wconf 89' lang='lat' dir='ltr'><strong>uno</strong></span> <span class='ocrx_word' id='word_1_61' title='bbox 891 1439 1002 1509; x_wconf 83' lang='lat' dir='ltr'><strong>ruinae</strong></span> <span class='ocrx_word' id='word_1_62' title='bbox 1027 1439 1163 1530; x_wconf 85' lang='lat' dir='ltr'><strong>impetu</strong></span> 
     </span>
     <span class='ocr_line' id='line_1_11' title="bbox 111 1536 1164 1631; baseline -0.003 -20"><span class='ocrx_word' id='word_1_63' title='bbox 111 1538 268 1630; x_wconf 87' lang='lat' dir='ltr'><strong>ademti,</strong></span> <span class='ocrx_word' id='word_1_64' title='bbox 293 1558 368 1610; x_wconf 90' lang='lat' dir='ltr'><strong>non</strong></span> <span class='ocrx_word' id='word_1_65' title='bbox 383 1538 485 1631; x_wconf 82' lang='lat' dir='ltr'><strong>ipsuu</strong></span> <span class='ocrx_word' id='word_1_66' title='bbox 500 1538 651 1629; x_wconf 91' lang='lat' dir='ltr'><strong>denique</strong></span> <span class='ocrx_word' id='word_1_67' title='bbox 670 1540 833 1631; x_wconf 89' lang='lat' dir='ltr'><strong>corporis</strong></span> <span class='ocrx_word' id='word_1_68' title='bbox 845 1540 882 1611; x_wconf 92' lang='lat' dir='ltr'><strong>in</strong></span> <span class='ocrx_word' id='word_1_69' title='bbox 893 1538 1016 1613; x_wconf 89' lang='lat' dir='ltr'><strong>ulcere</strong></span> <span class='ocrx_word' id='word_1_70' title='bbox 1030 1536 1164 1609; x_wconf 87' lang='lat' dir='ltr'><strong>crucia-</strong></span> 
     </span>
     <span class='ocr_line' id='line_1_12' title="bbox 110 1632 1172 1730; baseline 0 -21"><span class='ocrx_word' id='word_1_71' title='bbox 110 1650 170 1709; x_wconf 87' lang='lat' dir='ltr'><strong>tus</strong></span> <span class='ocrx_word' id='word_1_72' title='bbox 193 1660 213 1709; x_wconf 93' lang='lat' dir='ltr'><strong>a</strong></span> <span class='ocrx_word' id='word_1_73' title='bbox 230 1638 401 1730; x_wconf 86' lang='lat' dir='ltr'><strong>patientia</strong></span> <span class='ocrx_word' id='word_1_74' title='bbox 420 1636 453 1709; x_wconf 80' lang='lat' dir='ltr'><strong>u</strong></span> <span class='ocrx_word' id='word_1_75' title='bbox 471 1632 542 1711; x_wconf 87' lang='lat' dir='ltr'><strong>fide</strong></span> <span class='ocrx_word' id='word_1_76' title='bbox 562 1638 709 1711; x_wconf 91' lang='lat' dir='ltr'><strong>domino</strong></span> <span class='ocrx_word' id='word_1_77' title='bbox 728 1638 848 1711; x_wconf 91' lang='lat' dir='ltr'><strong>debita</strong></span> <span class='ocrx_word' id='word_1_78' title='bbox 862 1636 1030 1729; x_wconf 77' lang='lat' dir='ltr'><strong>exclusit,</strong></span> <span class='ocrx_word' id='word_1_79' title='bbox 1056 1657 1172 1727; x_wconf 88' lang='lat' dir='ltr'><strong>quem:</strong></span> 
     </span>
     <span class='ocr_line' id='line_1_13' title="bbox 111 1735 1164 1827; baseline 0.002 -18"><span class='ocrx_word' id='word_1_80' title='bbox 111 1736 275 1810; x_wconf 86' lang='lat' dir='ltr'><strong>diabolus</strong></span> <span class='ocrx_word' id='word_1_81' title='bbox 293 1737 382 1808; x_wconf 86' lang='lat' dir='ltr'><strong>totis</strong></span> <span class='ocrx_word' id='word_1_82' title='bbox 398 1735 535 1809; x_wconf 87' lang='lat' dir='ltr'><strong>viribus</strong></span> <span class='ocrx_word' id='word_1_83' title='bbox 551 1735 679 1809; x_wconf 87' lang='lat' dir='ltr'><strong>frustra</strong></span> <span class='ocrx_word' id='word_1_84' title='bbox 694 1738 834 1813; x_wconf 85' lang='lat' dir='ltr'><strong>cecidit.</strong></span> <span class='ocrx_word' id='word_1_85' title='bbox 881 1736 1014 1827; x_wconf 86' lang='lat' dir='ltr'>Neque</span> <span class='ocrx_word' id='word_1_86' title='bbox 1032 1736 1124 1809; x_wconf 86' lang='lat' dir='ltr'><strong>euim</strong></span> <span class='ocrx_word' id='word_1_87' title='bbox 1141 1758 1164 1811; x_wconf 90' lang='lat' dir='ltr'><strong>a</strong></span> 
     </span>
     <span class='ocr_line' id='line_1_14' title="bbox 109 1833 1163 1930; baseline -0.002 -21"><span class='ocrx_word' id='word_1_88' title='bbox 109 1834 268 1930; x_wconf 72' lang='lat' dir='ltr'><strong>respectu</strong></span> <span class='ocrx_word' id='word_1_89' title='bbox 279 1835 350 1907; x_wconf 90' lang='lat' dir='ltr'><strong>Dei</strong></span> <span class='ocrx_word' id='word_1_90' title='bbox 368 1850 429 1909; x_wconf 92' lang='lat' dir='ltr'><strong>tot</strong></span> <span class='ocrx_word' id='word_1_91' title='bbox 445 1835 631 1910; x_wconf 83' lang='lat' dir='ltr'><strong>doloribus</strong></span> <span class='ocrx_word' id='word_1_92' title='bbox 644 1852 816 1909; x_wconf 86' lang='lat' dir='ltr'>avocatus</span> <span class='ocrx_word' id='word_1_93' title='bbox 832 1838 893 1910; x_wconf 92' lang='lat' dir='ltr'><strong>ille</strong></span> <span class='ocrx_word' id='word_1_94' title='bbox 908 1834 976 1909; x_wconf 85' lang='lat' dir='ltr'><strong>est:</strong></span> <span class='ocrx_word' id='word_1_95' title='bbox 1000 1833 1059 1909; x_wconf 89' lang='lat' dir='ltr'><strong>sed</strong></span> <span class='ocrx_word' id='word_1_96' title='bbox 1074 1854 1163 1907; x_wconf 85' lang='lat' dir='ltr'><strong>eon-</strong></span> 
     </span>
     <span class='ocr_line' id='line_1_15' title="bbox 109 1932 1162 2031; baseline -0.001 -19"><span class='ocrx_word' id='word_1_97' title='bbox 109 1935 199 2012; x_wconf 86' lang='lat' dir='ltr'><strong>stitit</strong></span> <span class='ocrx_word' id='word_1_98' title='bbox 218 1936 323 2007; x_wconf 88' lang='lat' dir='ltr'><strong>nobis</strong></span> <span class='ocrx_word' id='word_1_99' title='bbox 343 1936 380 2009; x_wconf 90' lang='lat' dir='ltr'><strong>in</strong></span> <span class='ocrx_word' id='word_1_100' title='bbox 398 1938 597 2029; x_wconf 85' lang='lat' dir='ltr'><strong>exemplum</strong></span> <span class='ocrx_word' id='word_1_101' title='bbox 616 1934 923 2031; x_wconf 86' lang='lat' dir='ltr'><strong>&amp;testimonium,</strong></span> <span class='ocrx_word' id='word_1_102' title='bbox 949 1948 1022 2009; x_wconf 87' lang='lat' dir='ltr'><strong>tam</strong></span> <span class='ocrx_word' id='word_1_103' title='bbox 1039 1932 1162 2027; x_wconf 88' lang='lat' dir='ltr'><strong>spiritu</strong></span> 
     </span>
     <span class='ocr_line' id='line_1_16' title="bbox 111 2034 1164 2129; baseline -0.002 -22"><span class='ocrx_word' id='word_1_104' title='bbox 111 2054 216 2128; x_wconf 88' lang='lat' dir='ltr'><strong>quam</strong></span> <span class='ocrx_word' id='word_1_105' title='bbox 237 2054 366 2123; x_wconf 89' lang='lat' dir='ltr'><strong>carne,</strong></span> <span class='ocrx_word' id='word_1_106' title='bbox 402 2050 473 2109; x_wconf 89' lang='lat' dir='ltr'><strong>tam</strong></span> <span class='ocrx_word' id='word_1_107' title='bbox 499 2036 618 2108; x_wconf 89' lang='lat' dir='ltr'><strong>animo</strong></span> <span class='ocrx_word' id='word_1_108' title='bbox 640 2056 743 2129; x_wconf 91' lang='lat' dir='ltr'><strong>quam</strong></span> <span class='ocrx_word' id='word_1_109' title='bbox 767 2056 948 2129; x_wconf 90' lang='lat' dir='ltr'><strong>corpore,</strong></span> <span class='ocrx_word' id='word_1_110' title='bbox 981 2034 1164 2128; x_wconf 76' lang='lat' dir='ltr'><strong>patientia</strong></span> 
     </span>
     <span class='ocr_line' id='line_1_17' title="bbox 108 2130 1165 2229; baseline 0 -22"><span class='ocrx_word' id='word_1_111' title='bbox 108 2133 370 2229; x_wconf 81' lang='lat' dir='ltr'><strong>perpetrandae:</strong></span> <span class='ocrx_word' id='word_1_112' title='bbox 394 2149 437 2206; x_wconf 89' lang='lat' dir='ltr'><strong>ut</strong></span> <span class='ocrx_word' id='word_1_113' title='bbox 450 2156 568 2225; x_wconf 89' lang='lat' dir='ltr'><strong>neque</strong></span> <span class='ocrx_word' id='word_1_114' title='bbox 582 2133 714 2208; x_wconf 88' lang='lat' dir='ltr'><strong>damnis</strong></span> <span class='ocrx_word' id='word_1_115' title='bbox 731 2133 956 2228; x_wconf 78' lang='lat' dir='ltr'>secularium,</span> <span class='ocrx_word' id='word_1_116' title='bbox 981 2154 1049 2207; x_wconf 90' lang='lat' dir='ltr'><strong>nec</strong></span> <span class='ocrx_word' id='word_1_117' title='bbox 1066 2130 1165 2213; x_wconf 83' lang='lat' dir='ltr'><strong>antis·</strong></span> 
     </span>
     <span class='ocr_line' id='line_1_18' title="bbox 108 2232 1164 2327; baseline -0.002 -19"><span class='ocrx_word' id='word_1_118' title='bbox 108 2232 266 2308; x_wconf 78' lang='lat' dir='ltr'><strong>sionibus</strong></span> <span class='ocrx_word' id='word_1_119' title='bbox 286 2232 583 2326; x_wconf 82' lang='lat' dir='ltr'><strong>charisimorum,</strong></span> <span class='ocrx_word' id='word_1_120' title='bbox 608 2255 677 2308; x_wconf 91' lang='lat' dir='ltr'><strong>nec</strong></span> <span class='ocrx_word' id='word_1_121' title='bbox 693 2236 857 2327; x_wconf 85' lang='lat' dir='ltr'><strong>corporis</strong></span> <span class='ocrx_word' id='word_1_122' title='bbox 875 2235 1016 2327; x_wconf 88' lang='lat' dir='ltr'><strong>quidem</strong></span> <span class='ocrx_word' id='word_1_123' title='bbox 1036 2232 1164 2309; x_wconf 83' lang='lat' dir='ltr'><strong>confli-</strong></span> 
     </span>
     <span class='ocr_line' id='line_1_19' title="bbox 110 2330 1166 2433; baseline 0.005 -28"><span class='ocrx_word' id='word_1_124' title='bbox 110 2330 325 2407; x_wconf 75' lang='lat' dir='ltr'><strong>tiationibus</strong></span> <span class='ocrx_word' id='word_1_125' title='bbox 341 2330 568 2409; x_wconf 84' lang='lat' dir='ltr'><strong>succidamus.</strong></span> <span class='ocrx_word' id='word_1_126' title='bbox 619 2335 735 2433; x_wconf 80' lang='lat' dir='ltr'><strong>Quale</strong></span> <span class='ocrx_word' id='word_1_127' title='bbox 754 2334 789 2405; x_wconf 92' lang='lat' dir='ltr'><strong>in</strong></span> <span class='ocrx_word' id='word_1_128' title='bbox 804 2335 866 2406; x_wconf 96' lang='lat' dir='ltr'><strong>illo</strong></span> <span class='ocrx_word' id='word_1_129' title='bbox 885 2335 968 2406; x_wconf 87' lang='lat' dir='ltr'><strong>viro</strong></span> <span class='ocrx_word' id='word_1_130' title='bbox 989 2334 1166 2411; x_wconf 86' lang='lat' dir='ltr'><strong>feretrum</strong></span> 
     </span>
     <span class='ocr_line' id='line_1_20' title="bbox 107 2430 1164 2533; baseline -0.002 -28"><span class='ocrx_word' id='word_1_131' title='bbox 107 2430 211 2505; x_wconf 86' lang='lat' dir='ltr'><strong>Deus</strong></span> <span class='ocrx_word' id='word_1_132' title='bbox 235 2433 381 2505; x_wconf 91' lang='lat' dir='ltr'><strong>diabolo</strong></span> <span class='ocrx_word' id='word_1_133' title='bbox 403 2431 600 2505; x_wconf 74' lang='lat' dir='ltr'><strong>exstruxit?</strong></span> <span class='ocrx_word' id='word_1_134' title='bbox 626 2434 742 2530; x_wconf 85' lang='lat' dir='ltr'><strong>Quale</strong></span> <span class='ocrx_word' id='word_1_135' title='bbox 757 2434 929 2506; x_wconf 87' lang='lat' dir='ltr'><strong>vexillum</strong></span> <span class='ocrx_word' id='word_1_136' title='bbox 950 2435 994 2507; x_wconf 91' lang='lat' dir='ltr'><strong>de</strong></span> <span class='ocrx_word' id='word_1_137' title='bbox 1014 2432 1164 2533; x_wconf 80' lang='lat' dir='ltr'><strong>inimico</strong></span> 
     </span>
     <span class='ocr_line' id='line_1_21' title="bbox 109 2532 1164 2629; baseline 0 -24"><span class='ocrx_word' id='word_1_138' title='bbox 109 2532 231 2629; x_wconf 77' lang='lat' dir='ltr'><strong>gloriae</strong></span> <span class='ocrx_word' id='word_1_139' title='bbox 245 2534 312 2607; x_wconf 84' lang='lat' dir='ltr'><strong>suae</strong></span> <span class='ocrx_word' id='word_1_140' title='bbox 329 2533 481 2628; x_wconf 81' lang='lat' dir='ltr'><strong>exuriit,</strong></span> <span class='ocrx_word' id='word_1_141' title='bbox 506 2554 615 2625; x_wconf 90' lang='lat' dir='ltr'><strong>quum</strong></span> <span class='ocrx_word' id='word_1_142' title='bbox 631 2534 692 2606; x_wconf 91' lang='lat' dir='ltr'><strong>ille</strong></span> <span class='ocrx_word' id='word_1_143' title='bbox 712 2533 824 2607; x_wconf 90' lang='lat' dir='ltr'><strong>homo</strong></span> <span class='ocrx_word' id='word_1_144' title='bbox 839 2532 882 2605; x_wconf 90' lang='lat' dir='ltr'><strong>ad</strong></span> <span class='ocrx_word' id='word_1_145' title='bbox 904 2554 1047 2607; x_wconf 90' lang='lat' dir='ltr'><strong>omnem</strong></span> <span class='ocrx_word' id='word_1_146' title='bbox 1064 2552 1164 2605; x_wconf 86' lang='lat' dir='ltr'><strong>acer·</strong></span> 
     </span>
     <span class='ocr_line' id='line_1_22' title="bbox 108 2630 1164 2727; baseline 0 -22"><span class='ocrx_word' id='word_1_147' title='bbox 108 2654 195 2707; x_wconf 88' lang='lat' dir='ltr'><strong>vum</strong></span> <span class='ocrx_word' id='word_1_148' title='bbox 219 2633 457 2723; x_wconf 89' lang='lat' dir='ltr'><strong>nunciorum,</strong></span> <span class='ocrx_word' id='word_1_149' title='bbox 487 2632 576 2707; x_wconf 89' lang='lat' dir='ltr'><strong>nihil</strong></span> <span class='ocrx_word' id='word_1_150' title='bbox 600 2654 644 2707; x_wconf 88' lang='lat' dir='ltr'><strong>ex</strong></span> <span class='ocrx_word' id='word_1_151' title='bbox 665 2652 729 2705; x_wconf 91' lang='lat' dir='ltr'><strong>ore</strong></span> <span class='ocrx_word' id='word_1_152' title='bbox 749 2648 958 2727; x_wconf 83' lang='lat' dir='ltr'><strong>promeret,</strong></span> <span class='ocrx_word' id='word_1_153' title='bbox 989 2630 1051 2705; x_wconf 88' lang='lat' dir='ltr'><strong>nis1</strong></span> <span class='ocrx_word' id='word_1_154' title='bbox 1075 2630 1164 2705; x_wconf 90' lang='lat' dir='ltr'><strong>Deo</strong></span> 
     </span>
     <span class='ocr_line' id='line_1_23' title="bbox 109 2730 1166 2831; baseline 0.002 -26"><span class='ocrx_word' id='word_1_155' title='bbox 109 2732 265 2831; x_wconf 78' lang='lat' dir='ltr'><strong>gratias3</strong></span> <span class='ocrx_word' id='word_1_156' title='bbox 297 2754 403 2823; x_wconf 91' lang='lat' dir='ltr'><strong>quum</strong></span> <span class='ocrx_word' id='word_1_157' title='bbox 422 2754 574 2807; x_wconf 79' lang='lat' dir='ltr'><strong>uxorem</strong></span> <span class='ocrx_word' id='word_1_158' title='bbox 593 2734 664 2825; x_wconf 80' lang='lat' dir='ltr'><strong>J&#39;am</strong></span> <span class='ocrx_word' id='word_1_159' title='bbox 688 2733 787 2805; x_wconf 84' lang='lat' dir='ltr'><strong>malis</strong></span> <span class='ocrx_word' id='word_1_160' title='bbox 812 2730 1033 2819; x_wconf 78' lang='lat' dir='ltr'><strong>delassatam,</strong></span> <span class='ocrx_word' id='word_1_161' title='bbox 1061 2730 1096 2801; x_wconf 72' lang='lat' dir='ltr'><strong>dt</strong></span> <span class='ocrx_word' id='word_1_162' title='bbox 1118 2730 1166 2807; x_wconf 87' lang='lat' dir='ltr'><strong>ad</strong></span> 
     </span>
     <span class='ocr_line' id='line_1_24' title="bbox 107 2830 1165 2929; baseline 0.002 -26"><span class='ocrx_word' id='word_1_163' title='bbox 107 2852 222 2929; x_wconf 90' lang='lat' dir='ltr'><strong>prava</strong></span> <span class='ocrx_word' id='word_1_164' title='bbox 236 2832 389 2903; x_wconf 88' lang='lat' dir='ltr'><strong>remedia</strong></span> <span class='ocrx_word' id='word_1_165' title='bbox 405 2832 606 2906; x_wconf 85' lang='lat' dir='ltr'><strong>suadentem</strong></span> <span class='ocrx_word' id='word_1_166' title='bbox 625 2830 891 2905; x_wconf 71' lang='lat' dir='ltr'><strong>exsecraretur?</strong></span> <span class='ocrx_word' id='word_1_167' title='bbox 920 2830 1044 2927; x_wconf 79' lang='lat' dir='ltr'><strong>Quidi</strong></span> <span class='ocrx_word' id='word_1_168' title='bbox 1069 2830 1165 2905; x_wconf 87' lang='lat' dir='ltr'><strong>ride-</strong></span> 
     </span>
     <span class='ocr_line' id='line_1_25' title="bbox 108 2929 1166 3027; baseline -0.001 -21"><span class='ocrx_word' id='word_1_169' title='bbox 108 2932 172 3007; x_wconf 89' lang='lat' dir='ltr'><strong>bat</strong></span> <span class='ocrx_word' id='word_1_170' title='bbox 191 2930 310 3017; x_wconf 82' lang='lat' dir='ltr'><strong>Dcus3</strong></span> <span class='ocrx_word' id='word_1_171' title='bbox 337 2929 447 3020; x_wconf 69' lang='lat' dir='ltr'><strong>quid?</strong></span> <span class='ocrx_word' id='word_1_172' title='bbox 474 2930 703 3004; x_wconf 87' lang='lat' dir='ltr'><strong>dissecabatur</strong></span> <span class='ocrx_word' id='word_1_173' title='bbox 723 2933 855 3025; x_wconf 87' lang='lat' dir='ltr'><strong>malus,</strong></span> <span class='ocrx_word' id='word_1_174' title='bbox 881 2952 989 3024; x_wconf 89' lang='lat' dir='ltr'><strong>quum</strong></span> <span class='ocrx_word' id='word_1_175' title='bbox 1008 2932 1079 3027; x_wconf 92' lang='lat' dir='ltr'><strong>Job</strong></span> <span class='ocrx_word' id='word_1_176' title='bbox 1099 2934 1166 3005; x_wconf 83' lang='lat' dir='ltr'><strong>im·</strong></span> 
     </span>
     <span class='ocr_line' id='line_1_26' title="bbox 107 3028 1166 3125; baseline -0.009 -18"><span class='ocrx_word' id='word_1_177' title='bbox 107 3031 274 3107; x_wconf 87' lang='lat' dir='ltr'><strong>mundam</strong></span> <span class='ocrx_word' id='word_1_178' title='bbox 293 3028 423 3103; x_wconf 88' lang='lat' dir='ltr'><strong>ulceris</strong></span> <span class='ocrx_word' id='word_1_179' title='bbox 445 3028 494 3101; x_wconf 92' lang='lat' dir='ltr'><strong>sui</strong></span> <span class='ocrx_word' id='word_1_180' title='bbox 510 3030 799 3122; x_wconf 85' lang='lat' dir='ltr'><strong>redundantiam,</strong></span> <span class='ocrx_word' id='word_1_181' title='bbox 824 3052 949 3125; x_wconf 79' lang='lat' dir='ltr'><strong>magna</strong></span> <span class='ocrx_word' id='word_1_182' title='bbox 963 3032 1166 3122; x_wconf 85' lang='lat' dir='ltr'><strong>aequanimi.</strong></span> 
     </span>
     <span class='ocr_line' id='line_1_27' title="bbox 108 3128 1165 3226; baseline 0.003 -22"><span class='ocrx_word' id='word_1_183' title='bbox 108 3142 185 3205; x_wconf 89' lang='lat' dir='ltr'><strong>tate</strong></span> <span class='ocrx_word' id='word_1_184' title='bbox 197 3128 451 3223; x_wconf 71' lang='lat' dir='ltr'><strong>destringeret?</strong></span> <span class='ocrx_word' id='word_1_185' title='bbox 480 3131 602 3223; x_wconf 90' lang='lat' dir='ltr'><strong>Quum</strong></span> <span class='ocrx_word' id='word_1_186' title='bbox 619 3144 844 3226; x_wconf 85' lang='lat' dir='ltr'><strong>erumpentes</strong></span> <span class='ocrx_word' id='word_1_187' title='bbox 860 3128 1049 3222; x_wconf 89' lang='lat' dir='ltr'><strong>bestiolas,</strong></span> <span class='ocrx_word' id='word_1_188' title='bbox 1077 3132 1165 3207; x_wconf 81' lang='lat' dir='ltr'><strong>inde</strong></span> 
     </span>
     <span class='ocr_line' id='line_1_28' title="bbox 108 3226 1165 3321; baseline -0.004 -14"><span class='ocrx_word' id='word_1_189' title='bbox 108 3232 148 3307; x_wconf 89' lang='lat' dir='ltr'><strong>in</strong></span> <span class='ocrx_word' id='word_1_190' title='bbox 165 3230 310 3303; x_wconf 86' lang='lat' dir='ltr'><strong>eosdem</strong></span> <span class='ocrx_word' id='word_1_191' title='bbox 321 3226 458 3321; x_wconf 80' lang='lat' dir='ltr'><strong>specus,</strong></span> <span class='ocrx_word' id='word_1_192' title='bbox 474 3228 636 3320; x_wconf 84' lang='lat' dir='ltr'><strong>&amp;pastus</strong></span> <span class='ocrx_word' id='word_1_193' title='bbox 652 3228 856 3302; x_wconf 88' lang='lat' dir='ltr'><strong>reformosae</strong></span> <span class='ocrx_word' id='word_1_194' title='bbox 872 3230 985 3303; x_wconf 87' lang='lat' dir='ltr'><strong>carnis</strong></span> <span class='ocrx_word' id='word_1_195' title='bbox 1000 3230 1165 3315; x_wconf 79' lang='lat' dir='ltr'><strong>ludendo</strong></span> 
     </span>
     <span class='ocr_line' id='line_1_29' title="bbox 108 3326 1165 3421; baseline 0.001 -17"><span class='ocrx_word' id='word_1_196' title='bbox 108 3342 312 3404; x_wconf 88' lang='lat' dir='ltr'><strong>revocaret.</strong></span> <span class='ocrx_word' id='word_1_197' title='bbox 363 3326 486 3419; x_wconf 88' lang='lat' dir='ltr'><strong>ltaque</strong></span> <span class='ocrx_word' id='word_1_198' title='bbox 510 3330 693 3421; x_wconf 89' lang='lat' dir='ltr'><strong>operarius</strong></span> <span class='ocrx_word' id='word_1_199' title='bbox 717 3330 776 3402; x_wconf 90' lang='lat' dir='ltr'><strong>ille</strong></span> <span class='ocrx_word' id='word_1_200' title='bbox 800 3328 960 3401; x_wconf 79' lang='lat' dir='ltr'><strong>vidioriae</strong></span> <span class='ocrx_word' id='word_1_201' title='bbox 979 3330 1071 3420; x_wconf 87' lang='lat' dir='ltr'><strong>Dei,</strong></span> <span class='ocrx_word' id='word_1_202' title='bbox 1105 3350 1165 3405; x_wconf 88' lang='lat' dir='ltr'><strong>re·</strong></span> 
     </span>
     <span class='ocr_line' id='line_1_30' title="bbox 109 3427 1166 3521; baseline -0.009 -20"><span class='ocrx_word' id='word_1_203' title='bbox 109 3430 193 3502; x_wconf 76' lang='lat' dir='ltr'><strong>tusis</strong></span> <span class='ocrx_word' id='word_1_204' title='bbox 219 3428 380 3503; x_wconf 90' lang='lat' dir='ltr'><strong>omnibus</strong></span> <span class='ocrx_word' id='word_1_205' title='bbox 399 3427 524 3519; x_wconf 87' lang='lat' dir='ltr'><strong>jaculis</strong></span> <span class='ocrx_word' id='word_1_206' title='bbox 545 3432 806 3520; x_wconf 86' lang='lat' dir='ltr'><strong>tentationum,</strong></span> <span class='ocrx_word' id='word_1_207' title='bbox 840 3430 976 3519; x_wconf 90' lang='lat' dir='ltr'><strong>lorica,</strong></span> <span class='ocrx_word' id='word_1_208' title='bbox 1012 3430 1166 3521; x_wconf 83' lang='lat' dir='ltr'><strong>clypeo.</strong></span> 
     </span>
     <span class='ocr_line' id='line_1_31' title="bbox 110 3526 1165 3623; baseline 0.004 -24"><span class='ocrx_word' id='word_1_209' title='bbox 110 3550 180 3621; x_wconf 87' lang='lat' dir='ltr'><strong>quc</strong></span> <span class='ocrx_word' id='word_1_210' title='bbox 202 3528 400 3622; x_wconf 83' lang='lat' dir='ltr'><strong>patientias,</strong></span> <span class='ocrx_word' id='word_1_211' title='bbox 432 3526 722 3623; x_wconf 87' lang='lat' dir='ltr'><strong>&amp;integritatem</strong></span> <span class='ocrx_word' id='word_1_212' title='bbox 744 3549 830 3601; x_wconf 83' lang='lat' dir='ltr'><strong>mox</strong></span> <span class='ocrx_word' id='word_1_213' title='bbox 856 3529 1021 3621; x_wconf 89' lang='lat' dir='ltr'><strong>corporis</strong></span> <span class='ocrx_word' id='word_1_214' title='bbox 1039 3550 1058 3599; x_wconf 91' lang='lat' dir='ltr'><strong>a</strong></span> <span class='ocrx_word' id='word_1_215' title='bbox 1077 3528 1165 3603; x_wconf 85' lang='lat' dir='ltr'><strong>Deo</strong></span> 
     </span>
     <span class='ocr_line' id='line_1_32' title="bbox 108 3624 1164 3722; baseline 0 -21"><span class='ocrx_word' id='word_1_216' title='bbox 108 3628 357 3720; x_wconf 80' lang='lat' dir='ltr'><strong>recuperavit,</strong></span> <span class='ocrx_word' id='word_1_217' title='bbox 387 3624 518 3717; x_wconf 80' lang='lat' dir='ltr'><strong>&amp;quae</strong></span> <span class='ocrx_word' id='word_1_218' title='bbox 542 3626 701 3701; x_wconf 87' lang='lat' dir='ltr'><strong>amiserat</strong></span> <span class='ocrx_word' id='word_1_219' title='bbox 726 3626 976 3722; x_wconf 88' lang='lat' dir='ltr'><strong>conduplicata</strong></span> <span class='ocrx_word' id='word_1_220' title='bbox 993 3626 1164 3720; x_wconf 79' lang='lat' dir='ltr'><strong>possedit.</strong></span> 
     </span>
     <span class='ocr_line' id='line_1_33' title="bbox 107 3724 1166 3821; baseline 0.005 -20"><span class='ocrx_word' id='word_1_221' title='bbox 107 3724 158 3801; x_wconf 83' lang='lat' dir='ltr'><strong>Et</strong></span> <span class='ocrx_word' id='word_1_222' title='bbox 182 3728 205 3797; x_wconf 82' lang='lat' dir='ltr'><strong>sr</strong></span> <span class='ocrx_word' id='word_1_223' title='bbox 227 3726 321 3803; x_wconf 87' lang='lat' dir='ltr'><strong>lilios</strong></span> <span class='ocrx_word' id='word_1_224' title='bbox 346 3746 489 3821; x_wconf 89' lang='lat' dir='ltr'><strong>quoque</strong></span> <span class='ocrx_word' id='word_1_225' title='bbox 514 3725 648 3801; x_wconf 88' lang='lat' dir='ltr'><strong>restitui</strong></span> <span class='ocrx_word' id='word_1_226' title='bbox 672 3725 869 3817; x_wconf 81' lang='lat' dir='ltr'><strong>voluisset,</strong></span> <span class='ocrx_word' id='word_1_227' title='bbox 905 3742 1007 3819; x_wconf 89' lang='lat' dir='ltr'><strong>pater</strong></span> <span class='ocrx_word' id='word_1_228' title='bbox 1028 3728 1166 3807; x_wconf 87' lang='lat' dir='ltr'><strong>iterum</strong></span> 
     </span>
     <span class='ocr_line' id='line_1_34' title="bbox 107 3825 1165 3903; baseline -0.004 -6"><span class='ocrx_word' id='word_1_229' title='bbox 107 3842 314 3902; x_wconf 88' lang='lat' dir='ltr'><strong>vocaretur.</strong></span> <span class='ocrx_word' id='word_1_230' title='bbox 369 3826 440 3899; x_wconf 87' lang='lat' dir='ltr'><strong>Sed</strong></span> <span class='ocrx_word' id='word_1_231' title='bbox 458 3825 582 3901; x_wconf 85' lang='lat' dir='ltr'><strong>maluit</strong></span> <span class='ocrx_word' id='word_1_232' title='bbox 600 3827 637 3899; x_wconf 92' lang='lat' dir='ltr'><strong>in</strong></span> <span class='ocrx_word' id='word_1_233' title='bbox 656 3828 720 3899; x_wconf 90' lang='lat' dir='ltr'><strong>illo</strong></span> <span class='ocrx_word' id='word_1_234' title='bbox 743 3828 800 3897; x_wconf 88' lang='lat' dir='ltr'><strong>die</strong></span> <span class='ocrx_word' id='word_1_235' title='bbox 817 3826 915 3899; x_wconf 88' lang='lat' dir='ltr'><strong>reddi</strong></span> <span class='ocrx_word' id='word_1_236' title='bbox 934 3828 1007 3903; x_wconf 78' lang='lat' dir='ltr'><strong>sibi.</strong></span> <span class='ocrx_word' id='word_1_237' title='bbox 1063 3826 1165 3903; x_wconf 74' lang='lat' dir='ltr'><strong>Tan,</strong></span> 
     </span>
     <span class='ocr_line' id='line_1_35' title="bbox 106 3924 1165 4017; baseline -0.006 -18"><span class='ocrx_word' id='word_1_238' title='bbox 106 3935 183 3999; x_wconf 84' lang='lat' dir='ltr'><strong>tum</strong></span> <span class='ocrx_word' id='word_1_239' title='bbox 203 3924 347 4016; x_wconf 82' lang='lat' dir='ltr'><strong>gaudii,</strong></span> <span class='ocrx_word' id='word_1_240' title='bbox 382 3926 523 4001; x_wconf 87' lang='lat' dir='ltr'><strong>securus</strong></span> <span class='ocrx_word' id='word_1_241' title='bbox 542 3925 589 4000; x_wconf 88' lang='lat' dir='ltr'><strong>fic</strong></span> <span class='ocrx_word' id='word_1_242' title='bbox 610 3928 653 3999; x_wconf 86' lang='lat' dir='ltr'><strong>de</strong></span> <span class='ocrx_word' id='word_1_243' title='bbox 676 3928 845 4017; x_wconf 89' lang='lat' dir='ltr'><strong>domino,</strong></span> <span class='ocrx_word' id='word_1_244' title='bbox 880 3924 1030 4011; x_wconf 85' lang='lat' dir='ltr'><strong>distulit;</strong></span> <span class='ocrx_word' id='word_1_245' title='bbox 1066 3924 1165 4003; x_wconf 81' lang='lat' dir='ltr'><strong>sulii.</strong></span> 
     </span>
     <span class='ocr_line' id='line_1_36' title="bbox 107 4022 1166 4125; baseline 0.005 -26"><span class='ocrx_word' id='word_1_246' title='bbox 107 4022 187 4099; x_wconf 87' lang='lat' dir='ltr'><strong>nuit</strong></span> <span class='ocrx_word' id='word_1_247' title='bbox 208 4035 279 4095; x_wconf 87' lang='lat' dir='ltr'><strong>tam</strong></span> <span class='ocrx_word' id='word_1_248' title='bbox 304 4027 544 4107; x_wconf 86' lang='lat' dir='ltr'><strong>voluntariam</strong></span> <span class='ocrx_word' id='word_1_249' title='bbox 570 4028 786 4122; x_wconf 87' lang='lat' dir='ltr'><strong>orbitatem,</strong></span> <span class='ocrx_word' id='word_1_250' title='bbox 813 4046 860 4101; x_wconf 88' lang='lat' dir='ltr'><strong>ne</strong></span> <span class='ocrx_word' id='word_1_251' title='bbox 878 4026 949 4101; x_wconf 86' lang='lat' dir='ltr'><strong>fine</strong></span> <span class='ocrx_word' id='word_1_252' title='bbox 967 4026 1083 4119; x_wconf 84' lang='lat' dir='ltr'><strong>aliqua</strong></span> <span class='ocrx_word' id='word_1_253' title='bbox 1100 4050 1166 4125; x_wconf 88' lang='lat' dir='ltr'><strong>pa·</strong></span> 
     </span>
     <span class='ocr_line' id='line_1_37' title="bbox 107 4123 405 4207; baseline -0.003 -4"><span class='ocrx_word' id='word_1_254' title='bbox 107 4124 233 4207; x_wconf 76' lang='lat' dir='ltr'><strong>uentu</strong></span> <span class='ocrx_word' id='word_1_255' title='bbox 250 4123 405 4203; x_wconf 86' lang='lat' dir='ltr'><strong>viveret.</strong></span> 
     </span>
    </p>
   </div>
   <div class='ocr_carea' id='block_1_3' title="bbox 926 4220 1110 4328">
    <p class='ocr_par' dir='ltr' id='par_1_4' title="bbox 926 4220 1110 4328">
     <span class='ocr_line' id='line_1_38' title="bbox 926 4220 1110 4328; baseline -0.033 -20"><span class='ocrx_word' id='word_1_256' title='bbox 926 4244 981 4328; x_wconf 86' lang='lat'><strong>15.</strong></span> <span class='ocrx_word' id='word_1_257' title='bbox 1000 4220 1110 4305; x_wconf 78' lang='lat' dir='ltr'><strong>Adeo</strong></span> 
     </span>
    </p>
   </div>
   <div class='ocr_carea' id='block_1_4' title="bbox 0 0 1204 4590">
    <p class='ocr_par' dir='ltr' id='par_1_5' title="bbox 0 0 1204 4590">
     <span class='ocr_line' id='line_1_39' title="bbox 0 0 1204 4590; baseline 0 0"><span class='ocrx_word' id='word_1_258' title='bbox 0 0 1204 4590; x_wconf 95' lang='lat' dir='ltr'><strong> </strong></span> 
     </span>
    </p>
   </div>
  </div>
 </body>
</html>
