2400 4590
107 496 183 587 410
267 485 319 585 Q.
341 440 477 609 ξπ
504 480 643 559 hot.
672 450 1021 555 ‘rennuentem
1118 444 1120 449 Ι

65 692 77 713 r
105 644 397 731 emundatorem
407 642 647 739 dispodtionit
662 638 942 735 inimicum
956 630 1018 725 vel
1031 640 1174 747 ermeli·

71 822 75 831 ,
108 768 195 825 cete
208 738 381 845 potuill'et
396 759 439 819 ut
454 742 551 819 Moli
566 740 604 819 dt
621 740 812 835 Prophetis
832 740 1051 818 crederetur.
1097 738 1175 823 §ei

88 846 174 923 ‘eni
185 844 353 940 quodam
369 842 569 941 revocavit
580 842 618 916 ln
635 838 1026 938 commanemus,
1055 842 1180 923 indo

100 956 278 1023 nimenta
286 944 376 1039 iuris
392 938 466 1035 lui,
480 962 566 1029 non
582 940 721 1017 idcirco
737 942 1059 1016 communicabitur
1072 941 1192 1043 fidei.

107 1042 315 1121 &audacie
328 1039 536 1140 Magorum,
550 1042 586 1116 o
599 1040 747 1131 fallacie
761 1036 994 1133 somniorum,
1012 1040 1048 1114 u
1062 1043 1174 1119 licen·

105 1144 172 1219 tic
184 1154 387 1239 poetarum.
414 1138 876 1239 Atquininrelurreiiionic
892 1141 1079 1237 exemplis,
1092 1152 1174 1223 cuni

104 1238 184 1320 n'ei
201 1244 333 1337 virttu,·
348 1240 424 1315 sive
437 1260 502 1335 per
510 1238 725 1335 Prophetas,
735 1239 811 1313 live
822 1258 887 1332 per
897 1236 1089 1337 Christum,
1100 1243 1174 1319 stuc

73 1385 76 1391 ·
103 1360 176 1439 per
185 1338 388 1437 Apostolos
399 1340 437 1413 in
452 1358 610 1437 corpora
620 1339 751 1412 animas
762 1336 1003 1433 representat,
1017 1336 1174 1417 solide&

26 1500 33 1526 ,
111 1436 551 1533 eonuediebili,&sntiatr
560 1438 729 1529 veritate3
741 1435 1006 1532 prejudicatum
1018 1440 1069 1513 est
1081 1444 1173 1517 hanc

105 1536 182 1617 else
203 1534 355 1631 'formam
372 1538 559 1633 ueritatis,
581 1548 624 1611 ut
639 1557 783 1611 omnem
795 1550 1025 1614 mortuorum
1037 1542 1172 1617 exliibi·

18 1684 27 1695 -
108 1638 249 1719 nonem
270 1636 534 1733 incorporalem
553 1634 739 1737 prestigias
752 1634 902 1729 judices.

11 1820 17 1835 ,
122 1742 125 1747 ’
161 1812 164 1817 ,
184 1746 244 1831 58.
262 1734 400 1811 Omnes
414 1756 505 1835 ergo
522 1739 766 1831 mnnepenes
780 1732 1072 1827 inieruninquis.
1099 1740 1172 1817 Vc.

31 1923 38 1933 ,
106 1836 154 1913 lii
176 1857 219 1910 uc
237 1834 334 1911 nolit
355 1832 581 1931 &supplicia
596 1836 669 1933 jun
689 1834 762 1911 illic
778 1834 813 1907 dt
831 1832 1036 1929 refrigeria,
1062 1838 1171 1917 huben

136 1954 304 2029 cuperem
322 1934 358 2010 dt
378 1933 548 2011 divitem:
578 1935 624 2010 &-
638 1934 721 2027 quia
743 1932 858 2007 distuli
880 1932 1002 2006 nescio
1025 1936 1173 2029 quidni

104 1954 205 2111 grue
216 2050 367 2128 purtem,
377 2034 449 2127 iarn
463 2050 649 2131 oportune
660 2034 698 2105 in
711 2031 897 2119 clausulam
905 2032 1059 2110 reddam.
1100 2036 1171 2115 cm
1190 2100 1193 2105 ,

109 2134 205 2208 enini
223 2153 301 2207 non
321 2148 426 2226 putes
444 2135 592 2208 animum
608 2124 644 2207 u
661 2132 776 2227 puniri
799 2130 833 2203 dr
854 2131 975 2204 foveri
994 2133 1032 2206 in
1047 2136 1170 2213 inferit

40 2256 48 2275 ¹
108 2233 253 2307 iuterim
272 2228 335 2304 sub
351 2229 615 2325 exspectatione
631 2233 816 2323 utriusque
830 2231 952 2324 judicii
970 2232 1006 2304 in
1023 2238 1176 2329 quodnu-

104 2329 342 2427 ,usutpntione
362 2330 396 2401 dt
417 2330 565 2404 candida
581 2328 683 2425 ejus?
711 2331 791 2422 quio
810 2328 944 2403 salvum
963 2330 1072 2407 debet
1088 2336 1169 2434 elie,

108 2432 245 2527 inquis,
258 2428 445 2521 injudicio
459 2430 586 2505 divino
603 2430 789 2527 negotium
804 2426 901 2504 suum
916 2431 987 2503 sine
1003 2434 1075 2507 ulla
1088 2458 1170 2531 prm.

108 2530 287 2607 libatione
303 2527 507 2603 sententie:
532 2544 609 2605 tum
628 2533 709 2622 quia
726 2528 760 2601 dt
780 2531 893 2602 carnis
911 2530 1109 2625 operienda
1123 2536 1170 2611 eli

107 2628 316 2722 restitutio,
341 2643 383 2701 ut
408 2629 584 2703 consortis
611 2646 798 2722 operarum
824 2642 931 2719 atque
953 2633 1168 2713 mercedum.

111 2730 211 2831 Quid
224 2750 312 2826 ergo
325 2726 389 2802 fiet
401 2731 437 2802 in
450 2744 614 2825 tempore
629 2726 725 2803 isto?
751 2727 992 2807 dormiemus?
1019 2727 1168 2816 Atenirn

110 2830 357 2905 animaenecin
370 2830 581 2902 viventibus
593 2828 792 2902 dormiunt:
809 2844 1003 2921 corporum
1015 2834 1110 2906 enim
1122 2831 1170 2908 est

107 2922 267 3017 somnus,
286 2947 439 3016 quorum
453 2925 568 3019 &ipsa
583 2948 680 3001 mors
698 2948 777 3001 cum
793 2926 938 3018 speculo
954 2923 1017 3000 suo
1029 2929 1167 3007 somne.

108 3020 189 3109 Aut
200 3025 286 3096 nihil
298 3026 354 3095 vis
371 3027 423 3120 agi
436 3026 520 3115 iilic,
532 3046 604 3116 quo
617 3024 779 3098 universe
790 3026 987 3101 humaniter
1001 3028 1166 3131 trahitur,

109 3144 184 3216 quo
199 3122 273 3213 spes
288 3129 404 3195 omnis
421 3121 679 3214 sequestratur?
695 3123 854 3197 Delibari
867 3126 1164 3224 putasjudiciurn,

109 3244 155 3295 nn
171 3219 303 3314 incipi?
337 3225 572 3316 precipitari,
601 3246 647 3299 au
663 3224 946 3316 praeministraril
977 3229 1054 3322 Jam
1075 3247 1166 3305 vero

105 3342 213 3415 ¹quarn
228 3320 468 3412 iniquillimurn
484 3323 590 3396 etiam
601 3328 692 3417 apud
704 3322 854 3415 inferum
865 3324 888 3397 si
901 3324 935 3396 dt
948 3326 1165 3403 nocentibus

41 3416 43 3421 ’
109 3419 224 3494 adhuc
239 3422 310 3492 illic
327 3421 419 3493 bene
434 3420 505 3511 eli,⁴
529 3422 828 3495 &innocentibus
845 3420 1015 3498 nondum.
1068 3424 1167 3525 Quid

109 3520 373 3612 ampliationem
390 3523 443 3593 vis
461 3520 531 3594 elle
546 3521 626 3615 post
640 3538 813 3616 mortem,
832 3521 977 3596 confusa
995 3523 1053 3618 spe
1070 3528 1105 3599 ἃ
1117 3530 1166 3601 in·

110 3634 208 3692 certa
224 3618 486 3713 exspccintione
501 3623 697 3715 ludentem,
710 3644 753 3694 an
766 3624 848 3694 vitae
858 3622 1042 3696 recensum
1050 3625 1166 3716 jam&

65 3748 68 3763 ·
109 3719 374 3792 ordinationem
385 3721 508 3813 judicii
523 3720 794 3795 inhorrentem?
825 3722 961 3815 semper
975 3738 1094 3819 autem
1108 3746 1167 3798 er·

108 3814 240 3911 speciae
256 3817 369 3891 anima
382 3840 528 3912 corpus,
544 3836 584 3893 ut
597 3822 720 3893 doleat
730 3836 790 3892 atrt
803 3821 979 3914 gattdeat?
995 3824 1169 3900 nonne'dt

3 3942 36 3967 ..
108 3918 153 3989 de
165 3914 226 3988 suo
240 3914 363 3989 sufficit
379 3920 441 3991 sibi
454 3919 497 4003 ad
510 3933 700 4010 utrumque
713 3921 854 3992 titulum
868 3920 1058 4013 pallionisl
1079 3919 1168 4016 qud·

42 4050 46 4057 ,
106 4018 199 4089 tiens
213 4014 319 4089 illaeso
331 4038 490 4110 corpore
500 4019 614 4092 anima
629 4017 702 4105 sola
719 4030 909 4110 torquetur
924 4023 1009 4114 bile,
1026 4023 1089 4114 ira,
1104 4039 1167 4113 tae,

107 4114 168 4187 dio
187 4116 398 4209 plerumque
414 4138 483 4192 nec
498 4117 562 4195 irbi
576 4112 698 4193 notui
723 4120 890 4211 quotiens
906 4119 994 4196 item
1008 4142 1167 4214 corpore

193 4213 196 4224 '
281 4246 289 4257 ·
578 4252 588 4267 ·
1058 4221 1119 4294 ud·
