2400 4590
111 502 185 601 386
259 500 307 599 Q.
331 495 464 577 Sata.
493 496 630 617 Fron.
665 494 1010 573 Trnruurrnur

108 658 235 751 Atque
252 658 303 731 ita
320 660 403 733 illos
425 658 566 731 demum
580 658 667 731 Deo
683 661 826 752 placere
844 678 922 729 non
944 656 1072 753 poss'e:
1098 680 1170 733 norr

109 758 170 850 qui
188 758 351 835 incarne
371 757 501 849 essent,
527 757 587 833 sed
603 758 663 847 qui
681 757 867 830 carnaliter
881 758 1077 832 viverent:
1103 761 1171 851 pla·

109 878 195 931 cere
211 871 329 933 autem
341 858 426 931 Deo
444 858 549 952 iilos,
577 860 637 949 qui
655 860 688 929 in
704 878 810 933 carne
822 856 951 949 pofiti,
978 856 1170 933 secundum

106 956 268 1051 spiritum
290 960 508 1033 incederent.
565 956 614 1031 Et
636 956 775 1031 rursus:
809 962 928 1052 Corpus
953 956 1102 1048 quidem
1126 960 1171 1031 ait

106 1074 287 1141 mortuum,
314 1054 372 1129 sed
390 1075 517 1151 propter
532 1060 800 1152 delinquentiam:
831 1056 920 1131 ficut
939 1060 1102 1151 spiritum
1123 1063 1171 1129 ui·

107 1172 175 1229 tam
188 1174 318 1253 propter
333 1157 504 1253 justitiam.
555 1158 677 1233 Vitam
704 1169 821 1229 autern
840 1158 950 1227 morti
977 1178 1168 1251 opponens

105 1257 266 1333 incarne
288 1256 517 1349 constitute,
550 1257 622 1332 sure
639 1258 749 1327 dubio
768 1256 839 1327 iilic
860 1256 893 1325 ἀ
912 1258 1028 1328 vitam
1048 1278 1168 1351 repro-

105 1355 197 1437 misit
217 1377 262 1427 ex
280 1355 433 1447 justitia,
458 1358 518 1429 ubi
536 1369 690 1431 mortem
714 1354 967 1429 determinavit
990 1378 1039 1427 ex
1063 1358 1168 1429 delin-

104 1455 264 1545 quentia,
321 1454 490 1531 Ceterum
510 1456 637 1529 frustra
659 1454 829 1548 opposuit
850 1455 961 1527 vitam
981 1457 1122 1547 morti,
1145 1456 1168 1530 fi

104 1574 182 1628 non
201 1553 358 1647 estillic,
385 1556 446 1627 ubi
463 1555 513 1627 est
529 1556 563 1626 &
578 1554 672 1648 ipsa,
699 1558 753 1627 cui
768 1575 846 1629 eam
859 1553 1036 1647 opposuit
1052 1558 1167 1629 exclu-

104 1652 232 1729 dendae
251 1654 376 1745 utique
397 1655 441 1727 de
461 1676 629 1749 corpore.
679 1654 794 1727 Porro
810 1654 835 1729 st
853 1654 928 1724 vita
946 1670 1109 1730 mortem
1123 1656 1163 1727 de

104 1772 263 1845 corpore
283 1754 462 1847 excludit,
489 1777 565 1835 non
586 1754 706 1847 potest
723 1754 759 1831 id
774 1748 972 1846 perficere,
1002 1754 1069 1828 nisr
1086 1754 1165 1829 iliud

101 1866 292 1948 penetret,
318 1855 378 1929 ubi
396 1853 557 1947 estquod
574 1856 742 1929 excludit.
793 1849 842 1925 Et
858 1852 943 1942 quid
960 1876 1036 1950 ego
1052 1856 1164 1928 nodo-

101 1950 191 2044 sius,
218 1973 299 2031 cum
313 1951 513 2049 Apostolus
529 1952 748 2035 absolutius?
774 1955 814 2023 Si
825 1976 929 2035 curin,
948 1953 1092 2047 inquit,
1102 1956 1164 2052 spi·

103 2056 190 2121 ritur
206 2056 271 2149 ejus
290 2057 344 2147 qui
355 2054 523 2137 suscitavit
541 2054 670 2147 Jesnm,
702 2052 887 2123 habitatin
899 2052 1010 2123 votis:
1041 2060 1102 2151 qui
1112 2057 1163 2147 stt·

61 2202 65 2207 -
95 2152 230 2245 fiitavit
250 2148 365 2243 Jesum
387 2180 408 2221 a
429 2158 587 2235 mortuis,
617 2153 778 2239 sasitniit
803 2151 841 2227 Θ
863 2152 1016 2221 mortalia
1043 2177 1163 2251 corpora

99 2250 201 2343 vetita
221 2265 371 2341 propter
384 2251 640 2327 inhabitantem
654 2252 809 2343 spiritum
828 2252 902 2341 eius
920 2253 955 2322 in
973 2254 1111 2345 uobis,
1125 2270 1162 2325 ut

100 2348 338 2427 &sraninram
352 2352 428 2440 quis
447 2372 579 2442 corpus
597 2355 750 2426 mortale
769 2350 1048 2442 presumpserit,
1086 2376 1160 2427 cum

98 2448 173 2523 hoc
194 2447 387 2525 &carnem
411 2473 541 2544 negare
559 2475 633 2527 nnn
656 2452 777 2544 possit:
810 2454 923 2523 carnis
943 2473 1095 2544 quoque
1115 2474 1160 2525 re·
1199 2507 1200 2510 ,

99 2546 361 2629 suscitationem
389 2567 539 2643 cogatur
566 2553 758 2645 agnoscere
786 2550 976 2623 secundum
1006 2554 1158 2643 ejusdem

98 2646 208 2727 status
229 2653 530 2734 communionem,
588 2650 644 2725 Ex
667 2651 891 2743 sequentibus
915 2651 1034 2724 adhuc
1056 2654 1157 2725 discas

99 2768 212 2839 opera
240 2751 352 2825 carnis
379 2752 563 2843 damnari,
595 2774 673 2825 non
701 2750 817 2845 ipsam,
886 2755 999 2847 Iraque
1018 2753 1156 2843 fratrer,

99 2848 170 2937 ait,
203 2848 349 2919 debitores
367 2854 475 2937 sumus
496 2876 561 2919 rrott
586 2859 700 2935 carni,
728 2868 764 2919 ut
775 2851 944 2936 secundum
964 2878 1094 2921 carrtcm
1111 2858 1155 2922 vi·

17 3008 22 3015 .
96 2971 219 3025 vamur·
275 2946 313 3019 Si
329 2958 410 3021 enim
421 2953 589 3036 secundum
610 2976 733 3025 curarem
751 2956 926 3036 vixeritis,
947 2952 1107 3041 futurum
1123 2952 1156 3050 efl

96 3063 136 3124 ttt
150 3051 352 3119 moriamini:
378 3050 401 3133 fi
416 3076 490 3119 uero
511 3055 628 3141 spiritu
645 3056 752 3123 corruis
768 3051 857 3123 niius
873 3054 1155 3138 mortificaveritis,

96 3149 229 3223 vivetis.
280 3145 396 3218 Porro
415 3164 456 3225 ut
474 3146 516 3221 ad
536 3150 667 3245 singula
685 3172 832 3241 quaeque
853 3149 1110 3243 respondeam,
1134 3151 1154 3223 sr

95 3247 133 3325 in
158 3266 263 3328 carne
289 3246 514 3333 constitutis,
555 3248 745 3327 secundum
770 3248 926 3342 spiritum
952 3264 1079 3324 tamen
1104 3254 1155 3324 dc-

51 3405 57 3417 .
94 3345 282 3442 gentibus,
311 3345 397 3427 salus
421 3349 708 3439 repromittitur,
733 3352 900 3440 jamnon
924 3370 1010 3422 caro
1035 3352 1154 3424 aduer-

94 3442 189 3525 satur
218 3444 341 3535 saluti,
381 3445 438 3518 sed
463 3450 627 3539 operatio
652 3450 777 3527 carnis.
834 3448 1079 3539 Operatione
1105 3471 1155 3523 au·

94 3556 169 3625 tem
185 3547 298 3625 carnis
322 3547 481 3639 exclusa,
502 3570 577 3637 qnae
599 3549 712 3623 caussa
727 3549 777 3620 est
798 3549 945 3635 mortis,
974 3548 1075 3625 salva
1091 3554 1154 3642 jan

96 3664 183 3725 earo
203 3645 420 3738 ostenditur,
437 3645 549 3719 caussa
567 3669 690 3721 carens
707 3650 845 3722 mortis,
901 3654 972 3718 Lex
985 3657 1092 3745 enim,
1111 3653 1154 3723 in·

95 3745 192 3843 quit,
212 3746 353 3841 spiritus
377 3758 455 3818 vitae
477 3752 515 3823 in
536 3748 658 3844 Christo
680 3750 759 3844 Jesu
783 3750 963 3837 muttumifit
986 3774 1036 3819 nre
1060 3778 1081 3821 a
1101 3751 1156 3843 sege

94 3844 317 3947 delinquentia
332 3847 370 3921 (5
386 3852 515 3931 mortis,
545 3862 642 3926 cette
656 3871 759 3939 quam
780 3849 941 3941 premisit
955 3850 1108 3921 traditan
1123 3862 1154 3919 nr

94 3947 238 4024 membris
256 3950 378 4040 vettrir.
431 3945 530 4043 Ergo
552 3950 622 4041 janr
642 3952 798 4027 membra
820 3947 941 4021 nostra
961 3950 1043 4043 iege
1065 3970 1155 4023 rnor-

94 4046 141 4125 tit
164 4066 239 4126 non
263 4048 503 4133 tenebuntur,
531 4048 610 4138 quia
633 4069 701 4119 nec
725 4042 975 4139 delinquentiae
996 4052 1155 4143 aquibus

94 4144 297 4230 nrtnumissa
318 4144 407 4233 strat.
465 4150 560 4253 Quot
577 4152 662 4231 inin
676 4150 856 4230 invalidum
873 4164 942 4217 erat
956 4150 1030 4241 legis
1046 4155 1085 4219 in
1102 4173 1155 4248 quo

1012 4252 1109 4338 infir·
