2400 4590
115 524 186 603 130
270 504 319 609 Q.
342 500 481 580 Sara.
506 500 650 579 Fron
677 498 1011 583 Terruerunt

42 668 48 683 '
111 668 185 745 lane
218 684 335 741 uxore
356 660 446 739 'non
469 662 602 760 poilisi
644 660 757 739 Nunc
780 663 816 740 a
840 662 1063 743 consortium
1087 684 1176 743 one·

111 788 192 841 turn
217 765 494 841 domesticorum
518 762 749 841 necessarium
774 762 837 840 est.
887 764 993 839 Habe
1019 768 1177 861 aliquam

110 886 266 940 uxorem
296 863 514 960 spiritalem,
548 862 688 939 adsume
719 864 766 939 de
801 862 947 958 viduis,
988 864 1062 940 fide
1094 868 1175 963 pul·

110 968 260 1060 chrum,
291 978 503 1060 paupertate
534 964 717 1057 dotatam,
753 977 858 1037 aetate
882 964 1070 1061 signatam,
1107 971 1174 1042 bo·

109 1088 173 1141 nas
199 1066 342 1159 nuptias
368 1066 509 1142 seceris.
560 1064 777 1157 Hujusmodi
803 1084 937 1137 uxores
963 1066 1069 1139 etiarn
1094 1070 1174 1161 plu·

108 1184 168 1239 res
193 1166 316 1238 haberi
340 1164 427 1241 Deo
452 1183 591 1263 gratum
617 1164 675 1238 cll.
736 1162 807 1237 Sed
839 1164 1082 1259 posteritatem
1115 1187 1173 1261 re·

110 1264 275 1360 cogitant
293 1264 498 1359 Christiani,
526 1266 653 1358 quibus
676 1264 864 1338 crastinum
881 1286 958 1339 non
978 1264 1039 1339 est.
1089 1256 1171 1340 Hae·

107 1366 213 1438 redes
244 1364 319 1439 Dei
351 1363 474 1438 servus
508 1364 743 1457 desiderabit,
778 1365 838 1455 qui
870 1362 1090 1459 semetipsum
1125 1365 1172 1439 de

108 1462 232 1539 seculo
260 1464 528 1539 exheredavit?
551 1463 602 1538 Et
625 1463 710 1537 ideo
736 1465 815 1555 quis
832 1479 975 1557 repetat
990 1464 1173 1539 matrimo-

107 1558 293 1658 nium,'fi
325 1564 370 1639 de
401 1564 551 1660 pristino
583 1584 660 1639 non
693 1564 824 1638 habeat
857 1564 1018 1638 liberos?
1051 1564 1172 1639 Habe·

106 1664 165 1739 bit
195 1666 316 1756 itaque
348 1664 423 1738 boc
453 1668 631 1760 primum,
665 1677 709 1737 ut
740 1662 870 1737 diutius
902 1665 995 1736 velit
1025 1666 1171 1759 vivere,

106 1763 186 1859 ipso
214 1762 397 1859 Apostolo
431 1764 620 1839 festinante
646 1764 688 1837 ad
716 1760 927 1837 dominum?
969 1761 1080 1839 Certe
1110 1784 1172 1845 en:

106 1863 336 1959 peditislimus
372 1866 410 1939 in
440 1862 772 1960 persecutionibus,
809 1862 1100 1939 constantissimo
1130 1864 1171 1941 iu

106 1964 315 2057 martyriis,
362 1964 636 2060 promptillirnus
677 1964 715 2037 in
758 1963 1196 2057 communicationibus,-

106 2063 438 2157 temperantiffimus
471 2065 510 2139 in
542 2064 860 2157 adquisitionibua,
900 2060 1083 2158 postremo
1120 2061 1198 2137 se·-

107 2184 215 2235 curus
240 2163 443 2256 morietur,
480 2162 610 2238 reliitis
635 2161 743 2255 filiis,
776 2160 923 2235 forsitan
948 2161 1009 2255 qui
1033 2162 1084 2235 illi
1108 2182 1171 2255 pa·

106 2276 264 2338 rentent.
336 2262 523 2356 Numquid
555 2284 643 2360 crgo
669 2260 873 2355 hujusmodi
900 2261 934 2335 u
964 2261 1173 2354 reipublice

105 2360 297 2457 'prospeilu
322 2378 494 2459 aguntur,
527 2386 574 2437 ne
601 2363 768 2436 civitates
793 2357 981 2455 deficiant,
1012 2358 1172 2437 fisobo·

105 2464 160 2536 les
175 2483 252 2537 nou
269 2476 523 2537 exerceantur:
547 2484 595 2537 ne
614 2464 732 2560 leges,
752 2484 798 2534 ne
816 2461 914 2554 jura,
930 2482 977 2535 ne
994 2481 1170 2535 commer-

108 2561 166 2635 cia
190 2560 421 2653 delabantur3
458 2584 505 2636 ne
531 2565 664 2657 templa
686 2562 995 2654 derelinquantur,
1027 2582 1074 2635 ne
1090 2582 1172 2637 non

106 2663 175 2738 sint
188 2664 249 2753 qui
263 2664 488 2756 exclament,
507 2662 694 2737 Christiani
714 2661 757 2735 ad
775 2660 915 2735 bestias.
964 2660 1051 2734 Haec
1073 2662 1172 2737 eninr

107 2762 231 2836 audire
257 2763 474 2857 desiderant,
503 2763 563 2853 qui
579 2760 674 2836 filios
693 2774 866 2854 quaerunt.
917 2756 1098 2833 Sufficiant
1124 2758 1174 2835 ad

107 2861 293 2935 consilium
326 2862 509 2934 viduitatis
542 2865 604 2934 vel
636 2862 724 2945 ista,
756 2863 934 2955 praecipue
965 2859 1058 2952 apud
1082 2879 1172 2955 nos,

105 2959 359 3052 importunitas
384 2961 600 3051 liberorum,
634 2961 677 3031 ad
703 2980 795 3051 quos
822 2957 1059 3052 suscipiendos
1083 2960 1174 3056 legi·

105 3060 175 3132 bus
209 3058 475 3151 compelluntur
507 3058 694 3147 homines;
738 3059 820 3149 quia
851 3055 986 3152 sapiens
1019 3059 1173 3153 quisque

106 3174 301 3249 numquam
325 3156 439 3229 libens
465 3154 561 3231 filios
590 3155 820 3231 desiderasset.
880 3158 979 3257 Quid
1004 3178 1093 3254 ergo
1119 3158 1174 3233 ia·

106 3257 182 3332 cies
217 3255 241 3330 sr
274 3276 410 3329 novam
444 3276 598 3331 uxorem
633 3254 678 3330 de
713 3270 774 3330 tua
807 3255 1025 3331 conscientia
1047 3260 1175 3351 imple·

108 3357 228 3450 veris,
260 3353 428 3429 dissolvas
463 3357 752 3430 medicaminibus
786 3355 1036 3451 conceptum?
1053 3406 1057 3415 ,
1073 3354 1174 3433 Puto

108 3459 217 3531 nobis
250 3476 327 3530 uon
359 3457 467 3553 magis
499 3458 610 3530 licere
642 3457 846 3531 nascentem
876 3476 1027 3549 necare,
1064 3476 1175 3548 quam

104 3571 250 3647 natum,
283 3554 341 3628 sed
373 3553 520 3628 fortasse
552 3557 616 3629 illo
650 3572 815 3650 tempore
839 3557 1052 3653 pregnantis
1076 3574 1175 3629 uxo·

104 3658 176 3748 ris,
209 3655 404 3730 remedium
429 3670 529 3728 tanta
553 3656 778 3730 solicitudine
803 3678 823 3729 a
848 3656 934 3729 Deo
960 3670 1085 3750 petere
1111 3676 1176 3729 au·

8 3808 11 3819 .
106 3754 237 3846 debis,
273 3757 371 3848 quod
395 3756 432 3828 in
458 3772 496 3828 te
520 3755 674 3849 positum
700 3752 895 3831 recusasti?
933 3753 1067 3847 Aliqua
1091 3750 1176 3849 o'pi·

104 3864 179 3927 nor
208 3854 332 3927 sterilis
366 3854 630 3951 prospicietur,
667 3859 729 3929 vel
758 3858 829 3948 jam
862 3853 1056 3955 frigidioris
1088 3869 1177 3931 aeta·

102 3953 165 4028 tis.
231 3952 321 4027 Satis
356 3952 549 4050 consulte,
586 3954 621 4027 dt
653 3955 815 4048 inprimit
848 3952 1014 4030 fideliter.
1077 3952 1178 4031 Nur·

103 4054 178 4131 lam
210 4053 306 4129 enirn
342 4056 520 4133 credimur
554 4052 642 4131 Deo
679 4056 834 4155 volente
877 4053 1031 4133 sterilem
1050 4107 1066 4147 ,-
1108 4070 1176 4131 aut

1015 4174 1123 4230 unum
