2400 4590
171 491 175 497 ·
229 526 235 547 .
295 484 991 607 ·,2÷.-·avu31÷ei··iau²,'2'
1055 510 1177 619 Μ’.

58 668 220 762 iduum
235 666 373 745 deli&
423 664 495 743 Sed
511 666 547 741 &
561 666 723 764 Jocnnea
734 666 906 745 docebite
928 666 1125 769 Sipiiseic

57 772 201 864 from
217 770 306 852 [unu
324 770 503 867 delinquere
514 766 661 841 mm
679 792 748 840 nen
768 770 1132 869 aduertensftflnici

59 868 309 947 tii-onum
324 875 402 941 uita
416 867 466 939 ci:
489 873 567 965 quic
581 890 649 941 nm
663 872 705 941 ad
720 884 848 941 mrim
863 869 1040 969 delinquit,
1064 872 1123 945 hcc

58 970 123 1047 eiii
135 965 324 1062 mffiiic.
376 964 594 1065 fiii-Milium
606 972 647 1041 ci
662 986 806 1041 mortem
824 992 890 1040 nan
899 990 957 1063 pro
975 968 1030 1041 5110
1043 972 1139 1059 dicos

59 1064 1141 1261 rmum

59 1271 134 1347 Ubi
148 1266 505 1363 necpostulationia,
529 1268 580 1343 ibi
595 1221 1007 1360 equenecremiffionia.
1058 1266 1143 1344 Se·

60 1370 322 1446 cundumhanc
334 1364 571 1441 differentiam
582 1365 796 1442 deliciorum-
804 1366 1022 1460 poenitentie
1031 1388 1140 1462 quo··

60 1490 128 1565 que
148 1468 318 1543 conditio
336 1464 604 1565 discriminatur.
646 1466 747 1540 ,Alia
764 1466 856 1558 erit,
883 1486 961 1557 quae
975 1466 1122 1545 veniam

61 1566 232 1663 oonstqui
253 1564 376 1661 pouit,
401 1565 441 1639 in
461 1564 593 1640 deliito
614 1564 751 1639 scilicet
770 1564 969 1642 remiffibili.
1020 1565 1139 1663 Alias

60 1663 1123 1861 nairtraigruaperituititutflett·

61 1866 254 1957 nicafionie
274 1862 368 1939 stam
384 1866 607 1961 oxnnium,
630 1866 668 1939 in
690 1882 795 1958 quun
814 1862 1023 1940 debetorum
1040 1886 1124 1963 par·

60 1962 442 2063 tundebeantredig'r
485 1988 489 2021 τ
679 1996 683 2003 ·
806 1994 838 2033 s
970 1992 974 2003 ·
1030 1992 1035 2001 ·
1095 1984 1114 2007 ’-

126 2088 168 2163 .3.
198 2062 271 2139 Sed
291 2064 388 2159 prius
411 2063 573 2141 deciiem
592 2063 879 2142 intercedentem
904 2086 951 2141 ex
975 2062 1141 2141 diverso·

60 2165 326 2263 responsionem
339 2164 383 2237 ad
396 2184 473 2237 eam
487 2164 707 2258 penitentie
719 2164 893 2260 speciem,
915 2186 1020 2259 quam
1036 2184 1119 2243 curn

58 2269 213 2341 maxime
225 2261 414 2337 definimus
431 2267 538 2337 venia
552 2285 685 2340 carere.
742 2264 779 2338 Si
796 2266 914 2357 enirn,
939 2266 1118 2360 inquiunt,

59 2370 179 2458 aliqua
188 2366 398 2458 punitentia
413 2377 513 2436 caret
528 2366 647 2458 venia,
662 2365 732 2458 jam
745 2386 814 2438 nec
832 2367 867 2439 in
880 2380 1000 2441 totum
1015 2388 1119 2461 agen·-
1139 2392 1142 2397 ·

57 2468 105 2540 da
125 2464 193 2537 tibi
210 2462 270 2538 est.
320 2461 423 2536 Nihil
441 2463 534 2537 enim
557 2466 731 2561 agendum
749 2465 799 2539 est
814 2464 950 2541 frustra.
1000 2464 1118 2540 Porro

58 2563 190 2640 frustra
221 2575 346 2660 agetur
377 2564 607 2657 poenitentia,
638 2564 784 2637 ficaret
806 2567 924 2638 venia.
992 2565 1120 2636 Omnia

57 2681 181 2739 autem
216 2662 426 2756 punitentia
466 2664 601 2755 agenda
639 2660 719 2734 este·
758 2659 859 2756 Ergo
901 2664 1017 2734 omnis
1055 2681 1120 2734 ve·

56 2768 153 2840 niam
169 2761 437 2856 consequatur,
472 2781 519 2832 ne
536 2758 662 2832 frustra
679 2774 822 2856 agatur;
855 2762 1028 2853 quianon
1050 2763 1120 2836 erit

59 2863 220 2962 agenda,
252 2863 277 2935 fi
301 2860 429 2935 frustra
448 2874 580 2958 agatur.
631 2859 749 2933 Porro
771 2859 899 2934 frustra
922 2875 1069 2959 agetur,
1093 2861 1121 2939 ss

57 2965 170 3037 venia
189 2963 337 3037 carebit.
393 2960 532 3036 Merito
552 2962 603 3032 ita
624 2974 840 3054 opponunt,
868 2961 1038 3055 quoniam
1055 2964 1118 3039 hu·

54 3068 114 3159 jus
136 3082 284 3155 quoque
301 3062 519 3154 poenitentiae
540 3059 719 3154 fructum,
753 3061 790 3134 id
810 3060 861 3135 est
880 3062 1049 3155 veniam,
1080 3066 1120 3138 in

58 3162 121 3237 sua
133 3161 314 3256 potestate
327 3158 598 3256 usurpaverunt.
650 3162 834 3259 Quantum
856 3163 947 3237 enim
964 3163 1007 3235 ad
1020 3162 1119 3257 illos,
1195 3233 1196 3236 ,

60 3262 227 3353 aquibus
235 3282 368 3354 pacem
387 3262 586 3334 humanam·
598 3258 848 3352 consequitur:
873 3277 1042 3354 quantum
1061 3285 1120 3336 au·

59 3376 140 3434 tem
160 3361 204 3434 ad
222 3382 293 3434 nos
314 3363 374 3454 qui
398 3359 511 3434 solum
528 3358 725 3433 Dominum
745 3363 967 3435 meminimus
994 3359 1121 3435 delicia

61 3460 290 3553 concedere,
324 3462 358 3534 δι
382 3464 508 3552 utique
528 3460 713 3552 mortalia,
745 3481 822 3533 non
835 3460 962 3533 frustra
982 3476 1118 3552 agetur.

61 3558 124 3633 Aa
140 3560 325 3635 dominum
346 3561 441 3634 enim
464 3556 624 3653 renisa,
655 3558 690 3630 δι
707 3558 758 3632 illi
778 3560 908 3634 exinde
928 3557 1118 3653 prostrata,

62 3659 137 3732 hoc
152 3660 231 3753 ipso
248 3663 357 3756 magis
375 3663 586 3754 operabitur
600 3662 761 3753 veniam,
788 3659 886 3753 quod
910 3679 985 3730 eam
1000 3679 1021 3730 a
1039 3659 1118 3732 solo

61 3756 149 3832 Deo
163 3775 316 3851 exorat,
342 3763 442 3853 quod
457 3757 587 3833 deliito
606 3757 670 3831 suo
688 3761 874 3835 humanam
890 3779 1014 3851 pacem
1032 3754 1121 3834 suffi·
1140 3820 1144 3825 .

61 3877 149 3931 cere
170 3880 248 3935 non
272 3862 410 3955 credit,
439 3861 545 3953 ⁴quod
566 3858 731 3933 Ecclesrae
749 3860 889 3933 mavult
911 3855 1121 3935 erubescere

59 3979 168 4050 quam
184 3964 461 4036 communicare.
509 3959 653 4034 Adsrstit
672 3964 765 4035 enim
787 3978 855 4052 pro
872 3957 1011 4032 foribus
1028 3961 1120 4053 ejus,

60 4059 97 4131 u
113 4059 158 4134 de
177 4076 278 4134 notae
296 4060 364 4136 sum
384 4063 551 4156 exemplo
573 4075 716 4133 ceteros
739 4065 929 4132 admonet:
954 4059 1120 4150 &bery-
1139 4078 1144 4097 ¹

59 4178 136 4238 mcc
154 4160 308 4243 nauum
322 4163 397 4243 ubi-
410 4184 557 4261 quoque
576 4161 752 4260 advocat,
781 4163 815 4237 δι
836 4158 1030 4256 rediculus
1052 4157 1148 4235 uti·-L

177 4304 181 4311 ·
225 4308 228 4312 ·
1005 4277 1076 4356 quo
