2400 4590
141 498 198 543 -.
354 450 463 557 o
516 451 780 597 (ηρ-ια
1000 468 1003 473 ·
1053 484 1123 567 a·

38 782 45 793 .
123 676 155 687 ”
180 726 234 827 Q.
267 672 586 837 ‚aurnum
618 724 1035 855 ruonuums.
1095 716 1100 723 '

313 874 869 1032 TERTULLIANI

105 1123 1155 1467 uouoonurm„

331 1517 334 1525 '
385 1568 390 1577 .
478 1514 694 1584 ‘LIBER

200 1672 214 1689 ἱ

417 1754 423 1767 ,
571 1702 604 1760 r.

50 1784 277 1979 ΗΜςῖ
289 1788 637 1903 maurorum,
653 1800 821 1903 'uncum
833 1805 1013 1907 ‘urgertmt
1060 1800 1120 1891 mi

97 1912 101 1921 ·
161 1918 234 1975 nec
269 1900 386 2011 eniel,
415 1894 700 1983 itunonmmer
719 1908 872 1987 nubunt
923 1902 1118 2021 Quidegie

49 1994 118 2087 lex
131 1998 333 2079 creatoris?
358 2002 454 2077 inter
469 2004 606 2083 alitos
625 2001 800 2103 spadones
818 2004 854 2081 δι
872 2022 1011 2103 aungaa
1029 2014 1118 2085 wo·

50 2096 269 2187 tantudem
295 2104 454 2195 quereris
477 2102 524 2181 de
547 2102 746 2181 domestico
772 2100 979 2199 aureque,
1008 2120 1118 2197 quam

52 2210 136 2275 tum
148 2196 193 2271 de
207 2196 348 2275 fastidio
364 2216 548 2280 extraneo.
600 2204 759 2281 Proinde
775 2205 811 2280 δι
825 2218 864 2280 te
877 2200 1037 2298 laedunt²
1055 2200 1118 2297 qui

56 2298 279 2393 abutuntur,
313 2302 610 2392 quemadmodum
631 2304 692 2401 qui
717 2327 794 2380 non
818 2314 983 2381 utuntur.
1040 2302 1116 2376 Ve-

54 2416 137 2470 rum
152 2418 269 2491 neque
290 2402 513 2476 continentia
534 2405 709 2498 ejusmodi
728 2403 921 2497 laudanda,
947 2400 1030 2495 quia
1046 2401 1117 2475 h·ae-

53 2498 169 2575 retica
190 2496 260 2589 est,
284 2520 399 2591 neque
417 2501 562 2576 licentia
576 2502 821 2597 defendenda,
849 2505 931 2594 quia
942 2499 1115 2593 Psychica

56 2595 120 2673 est
154 2598 220 2671 lua
234 2597 464 2693 plasphemat,
481 2601 544 2674 ista
558 2604 730 2695 luxuriat,
745 2604 804 2676 illa
816 2600 963 2675 destruit
975 2599 1117 2692 nuptia·

54 2716 136 2771 rum
152 2695 295 2792 Deum,
326 2696 390 2772 ista
410 2698 612 2774 confundit.
666 2700 780 2774 Penes
798 2720 867 2773 nos
886 2713 1005 2771 autem
1023 2716 1115 2788 quoa

56 2794 227 2890 spiritales
259 2799 390 2871 merito
426 2797 496 2872 dici
523 2799 611 2874 facit
644 2797 779 2897 agnitio
805 2792 1010 2891 spiritalium
1035 2795 1116 2870 cha·

55 2894 254 2989 rismatum,
282 2898 506 2973 continentia
523 2911 594 2973 tam
607 2895 772 2997 religiosa
786 2894 857 2990 est,
884 2916 989 2989 quam
1004 2894 1116 2973 licen·

55 2997 104 3068 tia
125 2996 352 3086 verecunda;
379 2997 692 3092 quandoquidem,
720 3000 831 3074 ambae
846 3017 928 3071 cum
946 3009 1113 3071 creatore

53 3094 141 3170 sunt.
197 3094 431 3170 Continentia
445 3099 560 3195 legem
575 3098 778 3192 nuptiarum
793 3097 978 3191 honorat,
1002 3096 1113 3171 licen-

53 3196 102 3267 tia
117 3209 297 3290 temperat
311 3218 324 3282 ς
354 3197 414 3269 illa
430 3218 506 3271 non
528 3199 695 3295 cogitur,
722 3195 786 3273 ista
805 3196 969 3295 regitur,‘
983 3193 1044 3267 iua
1060 3213 1114 3270 ar·

51 3296 196 3368 bitrium
222 3296 359 3389 habet,
394 3296 471 3370 haec
494 3296 673 3391 modum,
710 3318 821 3369 uuum
846 3291 1114 3371 matrimonium

51 3395 243 3487 novimus,
269 3396 358 3468 sicut
381 3417 491 3469 unum
517 3396 649 3471 Deum.
710 3393 827 3491 Magis
851 3394 1033 3469 honorem
1056 3408 1112 3465 re·

50 3491 118 3567 fert
150 3495 211 3567 lex
237 3496 470 3587 nuptiarum,
512 3496 574 3567 ubi
598 3495 707 3569 habet
732 3494 766 3566 ἃ
791 3493 981 3586 pudorem.
1041 3483 1113 3564 Sea

51 3592 230 3687 Psychicis
264 3614 341 3667 non
371 3594 626 3688 recipientibus
652 3593 835 3689 spiritum,
872 3613 914 3665 ea
934 3606 1011 3680 quae
1030 3583 1112 3662 sunt

52 3691 191 3785 spiritus
224 3714 301 3765 non
331 3694 505 3788 placent,
544 3694 595 3766 ita
627 3693 711 3769 dum
745 3712 822 3782 quae
855 3688 935 3763 sunt
970 3683 1111 3783 spiritus

52 3814 128 3866 non
160 3794 326 3887 placent,
365 3815 407 3867 ea
440 3814 516 3888 quae
552 3789 632 3866 sunt
667 3791 780 3867 carnis
811 3789 1031 3885 placebunt,
1069 3799 1112 3859 ut

52 3896 233 3967 contraria
259 3890 405 3986 spiritui.
470 3897 579 3980 cara,
613 3892 753 3986 inquit,
787 3889 936 3975 euveum
956 3886 1111 3983 spiritum

49 3994 262 4089 concupiscit,
289 3992 328 4068 θ
346 3997 479 4087 spiritus
498 3992 649 4079 aduersus
673 4013 808 4063 carnem.
870 3983 968 4091 Quid
991 3995 1112 4063 autom

52 4091 285 4188 concupiscet
317 4109 434 4189 caro,
468 4113 572 4186 quam
605 4111 682 4185 quae
713 4089 822 4188 magis
857 4086 972 4167 carnis
1006 4079 1110 4159 suut?

466 4210 470 4219 ·
558 4190 576 4266 1
602 4210 622 4287 3
905 4184 1062 4280 Proptet
