2400 4590
353 518 416 589 uu
439 476 601 579 ea'an
626 499 851 625 Currere
1052 522 1123 595 sor

68 661 240 756 scriptun
262 680 340 736 nou
358 660 516 737 exhibet.
568 661 740 741 Ceterum
759 663 842 756 quia
854 662 981 737 veieut
1000 650 1124 739 fac'ere

16 760 19 767 '
68 759 276 856 semetipsos
296 760 395 851 quod
417 775 544 837 natura
563 783 642 851 uun
665 762 765 855 suut,
797 782 955 856 curuou
975 765 1124 837 valeant

68 856 501 937 &exnullasubstmtirm
514 856 662 937 fucere?
676 858 807 935 ibunt
818 859 922 959 quod
935 882 1013 935 uon
1027 863 1121 951 sunt,

69 978 133 1035 cur
146 979 223 1033 uon
239 981 284 1033 ex
300 978 347 1032 eo
360 954 450 1032 fiant
464 960 563 1051 quod
574 981 651 1035 non
666 958 750 1037 esti
774 960 888 1059 Quod
904 974 1025 1035 autem
1043 982 1122 1035 non

66 1052 138 1150 est,
164 1078 246 1132 cum
265 1056 327 1149 fit,
359 1078 406 1131 ex
421 1058 538 1135 nihilo
559 1058 622 1151 est.
675 1058 873 1154 Propterea
888 1079 958 1133 uec
975 1062 1124 1153 requiri.

65 1168 149 1252 tur,
171 1176 245 1233 uec
263 1152 488 1250 ostenditur,
513 1158 598 1251 quid
613 1156 739 1253 postea
751 1156 882 1233 fabium
896 1158 939 1233 srt
958 1159 1125 1251 corporir

64 1256 133 1331 bur
147 1258 301 1347 illorum.
352 1256 465 1357 Quod
484 1257 529 1332 de
549 1256 665 1333 nihilo
686 1256 774 1343 fuit,
799 1258 890 1333 nihil
904 1255 1036 1333 fetrum
1056 1254 1120 1334 eth

63 1352 214 1428 Poffunt
235 1355 322 1429 nibil
342 1353 455 1450 ipsum
474 1371 693 1431 convertere
716 1358 756 1433 in
778 1376 949 1451 caruem,
981 1358 1040 1448 qui
1069 1354 1121 1431 se-

63 1452 238 1548 metipsos
251 1466 451 1546 potueruut
469 1469 688 1537 convertere
704 1458 743 1531 iu
762 1476 917 1531 carnem
968 1455 1051 1529 Pius
1066 1454 1120 1531 est

63 1568 226 1627 naturam
245 1554 450 1646 demutare,
486 1574 591 1646 quem
614 1553 734 1631 facere
757 1558 953 1633 materiam.
1002 1554 1072 1628 Sed
1093 1554 1119 1629 sr

63 1651 110 1727 de
129 1652 275 1725 materia
294 1650 436 1727 necess'e
455 1650 574 1743 fuiffet
591 1656 739 1749 angelos
756 1650 930 1749 sumpsisse
952 1673 1117 1739 caruem,

63 1748 266 1825 credibilius
294 1755 421 1845 utique
449 1751 530 1844 est,
563 1752 779 1827 deterrere
801 1755 976 1843 materia,
1011 1773 1118 1843 quam

61 1849 109 1923 de
131 1850 206 1925 ulio
221 1870 354 1944 genere
376 1848 570 1927 celestium
587 1847 865 1927 substantiatum.
917 1850 1008 1925 Cum
1023 1852 1120 1925 adeo

60 1959 214 2021 terreuae
230 1949 411 2040 qualitatit
426 1951 607 2043 extiterit,
631 1962 673 2023 ut
695 1952 846 2023 terrenis
865 1952 1003 2045 pabulis
1021 1949 1119 2042 pasta

59 2046 114 2127 iit.
165 2050 277 2121 Nunc
303 2048 329 2121 b
353 2068 502 2141 quoque
522 2048 657 2125 idere:
675 2049 807 2123 eodem
830 2053 943 2123 modo
963 2050 1119 2125 terrenis

59 2148 200 2241 pabulis
221 2146 336 2241 pasta,
362 2148 507 2240 quando
527 2162 671 2225 terrena
685 2168 761 2221 non
780 2146 887 2227 ciret,
913 2169 987 2240 quo
1006 2163 1117 2227 terre·

59 2266 108 2319 na
129 2245 329 2320 coelestibus
348 2246 444 2342 pasta
469 2244 542 2341 est,
579 2247 725 2339 quando
744 2246 893 2321 coelestis
916 2267 994 2322 non
1015 2246 1116 2324 effet.

60 2339 252 2442 (Legimus
269 2347 388 2437 enim,
413 2367 544 2421 manna
563 2345 635 2424 esui
654 2350 794 2440 populo
813 2346 931 2421 fuiffe:
957 2345 1115 2439 Panem,

56 2446 199 2537 iuquit,
224 2446 433 2539 angelorum
453 2444 529 2517 edit
541 2442 688 2542 bomo.)
740 2444 830 2517 Non
847 2459 972 2521 tamem
990 2446 1115 2518 infrin-

56 2544 152 2640 gitur
172 2543 280 2616 semel
305 2540 463 2636 separata
487 2542 653 2615 conditio
680 2542 870 2615 dominice
893 2545 1037 2634 carnis,
1067 2564 1115 2617 ex

57 2641 174 2717 cauffa
191 2643 335 2714 alteriue
355 2638 605 2735 dispofitionis.
656 2640 781 2714 Homo
798 2662 885 2715 vere
902 2640 1040 2721 futurus
1057 2661 1114 2713 ur-

56 2762 129 2834 que
146 2742 190 2818 ud
208 2755 384 2834 mortem,
410 2761 489 2817 eam
512 2758 656 2813 caruem
672 2741 894 2833 oportebat,
927 2738 1112 2813 indueret:

56 2841 158 2933 cujus
179 2840 231 2915 est
244 2860 355 2915 mors.
388 2835 479 2915 Eam
493 2857 788 2938 porroceruem,
814 2841 913 2933 cujus
934 2834 1115 2929 estmorr,

53 2942 226 3015 nativitas
241 2939 436 3015 antecedit.
1075 3002 1078 3007 .

129 3062 162 3134 7.
189 3039 259 3112 Sed
268 3040 441 3131 quotient
451 3037 497 3112 de
508 3038 701 3113 nativitate
712 3035 965 3131 contendum
980 3059 1112 3113 omnes

56 3139 119 3228 qui
134 3137 304 3232 respuunt
316 3160 394 3213 eam
412 3150 455 3211 ut
468 3136 758 3231 prejudicantem
770 3137 816 3210 de
832 3138 946 3213 carnis
960 3141 997 3213 in
1008 3136 1113 3211 Chri·
1167 3206 1172 3211 .

54 3234 114 3311 sto
130 3242 301 3330 veritate,
325 3237 438 3332 ipsum
453 3234 574 3311 Deum
590 3239 723 3313 volunt
735 3256 866 3335 negare
883 3235 953 3311 elie
970 3252 1110 3329 natum,

56 3336 158 3427 quod
181 3335 334 3411 dixerit:
373 3341 453 3431 Qua
470 3337 551 3408 mitri
568 3351 695 3424 mater,
731 3334 770 3413 ὕ
786 3341 841 3432 qui
863 3338 944 3405 milu·
955 3336 1109 3429 fratres?

53 3434 193 3509 Audiat
206 3437 312 3532 igitur
331 3435 365 3510 dr
383 3434 533 3532 Apelles
551 3436 634 3528 quid
645 3437 717 3528 jam
733 3434 938 3529 responsum
954 3433 996 3509 srt
1008 3455 1029 3507 a
1042 3454 1110 3507 no·

52 3538 110 3613 bis
126 3532 335 3630 Marcioni,
361 3556 408 3609 eo
427 3536 577 3627 libello,
600 3556 674 3627 quo
692 3536 736 3611 ad
751 3536 980 3631 evangelium
1000 3532 1109 3626 ipsius

52 3637 357 3731 provocavimus:
382 3634 673 3709 considerandam
687 3632 1011 3709 scilicetmateriem
1025 3650 1109 3726 pro·

53 3736 297 3808 uenerationis
323 3732 432 3809 istius.
489 3733 611 3807 Primo
634 3733 776 3824 quidem
799 3752 987 3823 nunquam
1013 3733 1107 3822 qutie-

53 3852 156 3925 quam
170 3832 469 3908 adnunciass'etilli
479 3846 628 3908 matrem
638 3830 806 3906 &fratrer
816 3832 890 3921 ejus
905 3829 1107 3925 foriestare,

53 3935 203 4022 quinon
220 3944 341 4006 certus
365 3931 453 4005 effet
466 3930 599 4005 habere
615 3930 721 4021 ‚illum
741 3942 889 4003 matrem
907 3928 940 3999 dr
957 3928 1107 4022 iratres,

48 4030 85 4104 dr
100 4029 196 4126 ipsos
219 4032 311 4122 eise,
339 4050 431 4123 quos
450 4043 536 4102 tunc
550 4030 765 4122 nunciabat,
789 4032 853 4107 uel
867 4030 1109 4125 retrocogni·

48 4144 136 4230 tur,
161 4138 223 4207 vel
246 4146 334 4209 tuuc
356 4129 488 4207 ibidem
512 4140 736 4305 ctlrmpertos.
785 4129 893 4207 Licet
909 4142 1109 4309 przpffirea
1147 4192 1150 4203 .

227 4282 231 4287 -
574 4230 634 4326 i3
945 4238 1003 4304 at
1045 4268 1057 4291 ·
