2400 4590
127 530 130 535 ·
221 522 283 575 nr
315 496 743 574 Rarunurcrrorrr
776 514 997 575 canate..
1039 498 1110 585 561

65 656 195 735 occasu
214 660 431 754 predicavit
483 655 592 731 Adeo
605 659 711 731 nobis
727 676 873 747 quoque
888 653 1049 748 suppedit
1063 659 1112 729 al-

64 760 223 854 legorica
243 758 399 835 defensio
426 758 623 851 corporalis
644 752 917 829 resurrectionis.
966 754 1060 829 Nam
1077 756 1112 828 ἀ

63 878 149 929 cum
161 859 306 954 legimus
322 858 454 953 Populus
465 879 547 931 meur
563 862 696 929 introite
708 862 744 925 iu
755 858 843 925 cessar
852 876 994 950 promas,
1010 880 1112 951 quarr-

66 960 189 1043 tulum,
215 959 310 1029 donec
329 960 379 1026 ira
401 982 467 1027 mea
481 972 661 1053 pretereat,
687 952 869 1047 sepulchra
890 966 995 1025 erunt
1014 953 1112 1026 cella

64 1074 225 1147 proma,
260 1055 298 1127 in
325 1056 451 1145 quibus
470 1054 648 1148 paulisper
671 1050 890 1145 requiescere
912 1052 1111 1144 habebunt,

64 1154 125 1245 qui
143 1155 180 1225 in
200 1150 331 1225 finibus
349 1152 455 1227 seculi
467 1152 527 1226 sub
538 1154 662 1227 ultirm
676 1154 727 1225 ira
738 1172 802 1244 pet
813 1148 1023 1224 Antichristi
1037 1150 1113 1224 vim

62 1249 285 1325 excesserint
335 1250 415 1325 Aut
429 1272 492 1324 cur
507 1254 674 1325 cellarum
688 1270 892 1343 promarum
907 1251 1029 1344 potius
1043 1270 1114 1321 vo·

65 1352 196 1422 cabulo
212 1348 292 1423 usur
309 1348 383 1445 est,
408 1350 535 1425 &non
553 1350 698 1441 alicujus
716 1349 790 1421 loci
806 1349 1021 1441 receptorii,
1047 1346 1114 1421 nist

63 1449 204 1539 quirin
227 1451 325 1523 cellis
346 1450 480 1545 promis
502 1470 587 1523 cato
610 1449 706 1522 salita
728 1446 803 1519 usui
820 1448 975 1540 reposita
996 1446 1112 1520 serva·

62 1560 150 1637 tur,
180 1546 420 1638 depromenda
437 1549 535 1621 illinc
550 1547 612 1621 suo
627 1544 818 1643 tempores
850 1547 1001 1639 proinde
1017 1547 1112 1619 enim

64 1645 100 1717 u
118 1665 273 1737 corpora
293 1645 464 1721 medicata
485 1646 719 1721 condimentis
736 1644 945 1741 sepulture,
975 1643 1113 1719 mauso-

60 1744 129 1814 leis
155 1744 449 1819 &monumentis
473 1742 758 1837 sequestrantur,
794 1744 995 1837 processura
1028 1743 1113 1816 inde

64 1861 147 1913 cum
164 1840 298 1932 jusserit
318 1844 494 1919 dominus.
553 1844 664 1945 Quod
687 1864 767 1917 cum
790 1844 840 1921 ita
855 1843 1004 1937 intelligi
1025 1863 1113 1915 con·

62 1953 198 2037 gruat‚¹
215 1940 250 2015 dr
267 1963 345 2034 que
362 1940 455 2017 enim
475 1946 520 2016 ab
537 1946 590 2016 ira
605 1942 675 2017 Dei
699 1942 922 2015 cellariorum
936 1963 1004 2014 nos
1018 1941 1113 2015 refu-

65 2040 122 2134 gia
137 2038 354 2113 servabunt?
377 2044 452 2115 hoc
469 2042 545 2135 ipso
560 2043 659 2135 quod
676 2042 745 2134 ait,
770 2046 863 2111 donec
880 2047 933 2110 ira
946 2054 1112 2136 praecreat

65 2158 143 2229 que
157 2140 342 2236 extioguet
357 2140 619 2234 antichristum,
652 2140 733 2234 post
751 2142 837 2213 iram
856 2137 1011 2213 ostendit
1027 2160 1113 2233 pro·

66 2235 233 2311 cellutam
246 2260 388 2313 carnem
402 2242 447 2315 de
461 2240 671 2334 sepulchro,
696 2243 733 2313 in
750 2259 823 2332 quo
842 2254 924 2310 ante
939 2240 1024 2311 iram
1036 2238 1114 2312 fue-

65 2337 115 2407 rit
126 2336 231 2408 illata.
274 2336 416 2412 Nam&
431 2340 475 2411 de
490 2341 636 2413 cellariis
650 2360 726 2411 non
740 2339 834 2410 aliud
849 2336 996 2410 effertur
1009 2360 1114 2429 quarn

21 2452 27 2459 ·
67 2434 165 2524 quud
178 2434 349 2528 infertur,
373 2436 499 2531 &post
513 2437 703 2511 antichristi
716 2436 991 2509 eradicationem
1008 2439 1113 2531 agita-

66 2534 162 2605 bitur
179 2534 396 2609 resurrectio.

10 2700 13 2705 .
141 2641 197 2711 28.
225 2632 359 2707 Scimus
378 2648 495 2707 autem
513 2635 602 2709 sicut
618 2635 771 2709 vocibus
785 2636 835 2707 ita
852 2634 886 2705 dr
904 2636 1010 2707 rebus
1031 2653 1114 2727 pro·

10 2736 13 2741 '
68 2733 262 2826 phetatum.
321 2730 412 2808 Tam
432 2734 530 2807 diuis
548 2757 651 2826 quam
667 2734 701 2806 dr
715 2734 811 2807 fadis
833 2734 1042 2825 predicatur
1059 2753 1115 2806 re·

10 2836 15 2841 '
68 2830 262 2923 surresiiO,
295 2853 375 2905 cum
399 2832 548 2925 Moyses
572 2856 713 2907 manum
738 2835 775 2905 in
797 2833 907 2905 sintrm
934 2831 1059 2905 condit
1080 2832 1116 2905 dr
1170 2848 1173 2855 '

10 2994 21 3007 .
68 2946 267 3003 emortuam
288 2931 446 3024 profert,
474 2932 508 3005 ἃ
530 2932 646 3005 rursus
664 2933 859 3005 insinuat&
877 2932 1035 3005 vividam
1055 2954 1115 3004 ex-

10 3034 17 3041 “
67 3031 196 3124 plicat,
222 3051 345 3102 nonne
366 3032 439 3104 hoc
459 3032 503 3105 de
523 3048 608 3105 toto
624 3033 768 3105 homine
788 3031 991 3125 portendit,
1015 3032 1116 3122 siqui·

15 3200 20 3205 .
69 3130 150 3201 dem
167 3130 260 3201 trina
281 3132 396 3203 virtus
410 3130 481 3202 Dei
501 3152 564 3224 per
584 3133 642 3205 illa
658 3132 749 3204 trina
765 3134 859 3225 signa
876 3131 1115 3204 denotabatur

69 3247 152 3297 cunt
167 3228 229 3297 suo
245 3230 368 3301 ordine
383 3232 499 3322 primo
512 3230 691 3304 diabolum
700 3229 896 3323 serpentem
907 3252 1116 3321 quamquam

20 3378 27 3425 .·
67 3323 327 3401 formidabilem
342 3326 522 3401 subadlura
541 3330 704 3419 homini,
737 3331 781 3402 de
799 3330 882 3403 hinc
905 3350 1046 3401 carnem
1069 3327 1116 3400 de

23 3444 26 3454 ·
66 3425 145 3499 stnu
168 3426 294 3495 mortis
317 3428 528 3519 retractura,
562 3444 668 3520 atque
690 3431 739 3501 ita
755 3450 897 3502 omnem
915 3427 1117 3521 sanguinem

10 3586 23 3623 ..1
66 3535 263 3623 executura
278 3525 426 3617 judicio.
477 3526 536 3600 De
551 3550 623 3620 quo
641 3528 732 3621 apud
749 3528 900 3601 eundem
914 3528 1117 3619 propheten

10 3630 22 3731 J
68 3626 277 3716 Quoniam&
284 3626 436 3722 vestrum,
452 3626 567 3717 inquit
582 3628 704 3719 Deua,
718 3630 898 3719 sanguinem
909 3627 1117 3721 exquirenda

10 3740 21 3805 g
66 3730 211 3793 omnibus
230 3725 351 3817 sessiis,
385 3725 424 3801 (7
448 3729 483 3797 dr
504 3752 597 3796 tuonu
615 3730 751 3797 homino
766 3728 803 3802 ὅ
827 3730 861 3796 de
880 3750 976 3794 manu
992 3725 1118 3817 fratris

10 3816 18 3921 ζ
67 3848 216 3916 exquram
233 3848 308 3896 etam.
373 3824 490 3897 Porro
505 3827 592 3901 nibil
608 3829 804 3919 exquiritur
820 3826 880 3897 nist
896 3824 993 3913 quod
1010 3844 1116 3917 repo·

10 3926 16 3990 1
65 3922 193 3997 scitur:
223 3924 308 3995 nibil
325 3926 522 4016 reposcitur
537 3926 597 3997 nist
615 3926 711 4017 quod
730 3924 969 4015 brendano,
996 3924 1029 3996 bc
1049 3924 1118 3995 uti-

10 4004 16 4119 ξ
64 4044 137 4114 que
155 4022 343 4113 reddetur,
358 4026 455 4115 quod
469 4025 617 4095 ultionis
631 4026 777 4097 nomine
790 4021 997 4117 reposcetur
1010 4024 1043 4093 u
1058 4046 1119 4093 ex·

10 4121 15 4159 '²
62 4123 238 4219 quiretur.
264 4122 393 4213 Neque
406 4123 502 4201 enim
513 4122 685 4198 vindicari
700 4126 848 4218 poterit,
859 4123 958 4217 quod
968 4124 1117 4195 omnino

120 4216 256 4297 Tellus.
278 4220 363 4295 firm.
387 4226 432 4299 H.
671 4222 743 4303 Nn
991 4244 1070 4296 11011
