2400 4590
328 475 478 585 ·'·nr
524 494 771 591 aaran
923 446 981 609 a.
1043 526 1118 607 417

57 670 167 751 aevu.
225 666 498 763 Multautiquc
516 669 555 745 ‘dt'
577 666 746 761 adversas
769 664 971 763 Apostolos
993 664 1121 747 simon

59 770 184 864 dedit,
208 767 246 843 &-
258 764 390 845 Elimas
403 766 523 865 Magia
544 766 614 843 'sed
627 766 731 865 plaga
744 768 914 843 carcimth
931 767 977 843 de
990 766 1144 863 piasti·

59 871 127 968 giis
145 888 222 943 nott
237 864 319 945 suit.
415 868 478 942 uid
492 867 606 962 novi,
637 868 816 945 emulatio
834 866 995 953 veritatis
1017 868 1120 962 aspi·

59 969 136 1049 ritu
154 964 367 1043 immundos
424 986 490 1041 oce
505 966 617 1053 hodie
637 967 796 1061 ejusdem
812 965 968 1043 Simonis
982 966 1122 1041 hereti·

61 1088 129 1142 cos
156 1076 258 1141 tarta
280 1064 507 1163 presumptio
529 1065 615 1141 artis
639 1065 808 1159 extollit,
841 1078 885 1139 ut
907 1066 1014 1139 etiam
1036 1084 1135 1157 pto·

111 1178 250 1241 etatum
270 1167 410 1241 'animas
440 1168 485 1241 sb
513 1164 638 1239 inseris
665 1184 818 1241 movere
843 1162 879 1239 se
907 1161 1119 1258 spondeant.

94 1280 111 1338 t
127 1264 238 1338 credo
251 1266 333 1358 quia
343 1263 531 1341 mendacio
544 1260 707 1358 possunt:
724 1284 793 1338 nec
806 1264 901 1339 enim
913 1264 1121 1357 pythonico

55 1378 157 1438 tunc
174 1360 310 1457 spiritui
332 1367 447 1439 minus
467 1365 570 1437 licuit
583 1364 737 1439 animam
752 1361 922 1438 Samuelis
937 1360 1120 1459 effingere,

56 1461 143 1559 post
168 1464 288 1537 Deum
308 1478 476 1551 moturos
499 1460 709 1537 consulente
728 1461 845 1539 Saule.
903 1459 1009 1535 Absit
1032 1462 1121 1535 alio·

59 1564 148 1656 quin
166 1573 209 1634 ut
229 1558 590 1657 aninam-cujuslibet
605 1559 734 1657 sansti,
766 1560 897 1637 nedum
914 1554 1120 1665 Propheta,

57 1683 83 1736 a
100 1660 278 1735 daemonio
300 1658 707 1756 credamusexttpstam,
733 1658 851 1735 edosti
863 1659 962 1753 quod
975 1656 1049 1756 ipse
1058 1658 1120 1733 Sa-

58 1773 163 1835 tanas
185 1756 456 1858 transfiguretur
476 1761 512 1833 in
532 1762 695 1859 angelum
714 1760 824 1853 lucis,
850 1758 980 1841 nedum
996 1759 1035 1833 in
1053 1758 1122 1833 ho'·
1192 1788 1197 1797 ·

55 1860 191 1947 minem
210 1860 321 1954 lucis,
338 1861 445 1935 etiam
461 1860 584 1953 Deum
597 1856 633 1935 se
648 1856 938 1950 adseveraturus,
950 1859 1117 1954 signaque
1136 1898 1140 1913 ·
1169 1946 1173 1953 ,

10 2022 12 2035 .
57 1959 330 2053 portentosiora
343 1958 523 2051 edittnus,
547 1956 846 2053 udevettendos,
869 1954 987 2033 silleri
1000 1956 1120 2053 pollit,

57 2056 209 2135 eledos.
267 2056 461 2132 Dubitavit
482 2058 506 2131 fi
529 2054 629 2133 sorte
650 2071 739 2131 tunc
756 2056 976 2153 Prophetam
993 2054 1029 2129 se
1049 2054 1121 2151 Dei
1171 2100 1175 2111 ι

58 2154 280 2248 asseverare,
306 2156 480 2250 &utique
494 2156 611 2249 Sauli,
636 2157 674 2231 in
690 2157 847 2249 quoiam
865 2154 939 2251 ipse
950 2146 1118 2231 'noraha

59 2268 141 2328 tur:
167 2276 213 2328 ne
237 2269 341 2348 putes
362 2258 467 2330 alium
486 2253 586 2351 fuisse
607 2258 665 2347 qui
684 2253 887 2350 phantasma
906 2254 1120 2329 administra·

60 2356 152 2443 bat3
184 2354 290 2427 alium
314 2357 372 2447 qui
397 2356 687 2448 commendabat,
714 2355 772 2429 sed
789 2355 943 2429 cundem
961 2353 1121 2447 spiritum

59 2453 98 2527 dr
111 2456 149 2526 in
164 2452 536 2547 pseudoprophetide,
564 2455 598 2526 dt
615 2456 651 2527 in
669 2454 828 2549 apostata
844 2454 947 2527 facile
962 2454 1120 2544 mentiri,

60 2552 164 2645 quod
178 2550 321 2626 iecerat
338 2554 458 2645 credi,
490 2572 553 2648 per
576 2575 680 2642 quem
702 2554 813 2626 Saulis
839 2553 1020 2625 thesaurus
1047 2553 1121 2623 illic

62 2667 164 2746 erat,
190 2653 250 2724 ubi
273 2651 539 2744 &'corips1us,
570 2652 631 2750 ubi
654 2632 787 2724 scilicet
810 2653 910 2722 Deus
932 2672 1008 2722 non
1033 2662 1121 2723 erat,

62 2748 115 2843 Et
135 2751 219 2823 ideo
243 2770 308 2843 per
333 2766 438 2841 quem
462 2748 619 2822 visurum
642 2749 677 2822 se
699 2751 870 2840 credidit,
898 2750 1011 2819 vidit:
1040 2747 1124 2838 quia

63 2870 252 2944 perquem
270 2851 383 2941 vidit,
410 2849 442 2922 ἀ
460 2848 622 2924 credidit.
672 2849 708 2922 Si
726 2850 761 2921 dr
778 2849 822 2921 de
841 2845 1025 2919 nosturnis
1039 2848 1126 2919 ima·

63 2950 205 3044 ginibus
227 2952 446 3041 opponitur,
472 2946 562 3040 saepe
583 2970 658 3021 non
678 2947 804 3021 frustra
825 2960 990 3023 mortuos
1008 2946 1123 3019 visos:

62 3058 146 3121 tlam
169 3047 204 3120 dt
223 3046 476 3122 Nasammonas
493 3048 639 3140 propria
657 3049 804 3121 oracula
825 3047 918 3140 apud
936 3060 1125 3138 parentum

64 3144 227 3240 sepulcra
250 3147 469 3221 mansitando
495 3160 661 3241 captare,
692 3162 734 3218 ut
749 3146 967 3245 ‚Heraclides
990 3146 1124 3237 scribit,

65 3247 129 3335 vel
154 3245 464 3339 Nymphodorus,
490 3248 552 3320 vel
573 3246 804 3325 Herodotus:
836 3242 1007 3319 &Celtas
1029 3242 1124 3337 apud

66 3344 233 3416 virorum
246 3348 396 3418 sortium
409 3346 509 3419 busta
525 3346 648 3419 eadem
665 3346 709 3418 de
721 3344 836 3418 caussa
852 3343 1061 3434 abnoctare,
1082 3357 1125 3414 ut

63 3439 250 3515 Nicander
269 3443 446 3518 adfirmat:
472 3466 547 3517 non
561 3445 670 3541 magis
684 3463 849 3518 mortuos
869 3464 956 3515 vere
971 3443 1125 3536 patimur
1184 3484 1187 3489 ·

64 3539 246 3616 insomnis
262 3565 365 3636 quam
379 3546 504 3636 vivos,
520 3544 578 3618 sed
592 3544 712 3617 eadem
724 3545 864 3617 ratione
874 3555 1039 3614 mortuos
1056 3550 1126 3632 qtia

65 3641 234 3717 &vivos
268 3642 317 3715 Et
330 3646 452 3718 omnia
464 3665 541 3735 quae
554 3643 732 3717 videntur,
767 3640 1126 3730 Nonemmquiavi·

67 3741 198 3814 dentur
210 3763 297 3813 vera
310 3746 402 3835 stant,
414 3742 473 3816 sed
486 3745 565 3835 quia
578 3744 824 3835 adimplentur.
853 3741 956 3813 Fides
970 3736 1127 3811 somnio·

65 3857 145 3913 rum
161 3841 206 3912 de
224 3838 374 3936 effectu,
393 3862 470 3915 non
486 3843 530 3914 de
546 3840 735 3936 conspeslu
750 3841 987 3912 renuntiatur.
1020 3837 1128 3935 *Nulli

67 3955 188 4012 autem
202 3941 324 4013 animae
337 3944 487 4015 omnino
500 3940 636 4015 inferos
649 3956 792 4033 patere,
808 3936 888 4011 satis
901 3936 1076 4010 Dominus
1090 3938 1129 4010 in

66 4052 281 4135 argumento
301 4042 364 4113 illo
381 4043 545 4135 pauperis
562 4038 814 4132 requiescentis
838 4038 872 4108 &
894 4037 1014 4109 divitis
1032 4037 1129 4128 inge·

64 4136 246 4223 miscentis
260 4161 305 4213 ex
317 4138 631 4233 personatlbtahae
642 4139 771 4233 sanxit,
780 4159 857 4225 nou
866 4133 968 4235 posse
980 4133 1129 4229 relegari

123 4231 260 4311 matut.
279 4233 367 4313 Tum.
391 4242 436 4365 dl.
632 4236 705 4323 Dd
954 4254 1083 4310 renun-
