2400 4590
526 334 531 349 Ι

84 544 156 622 174
225 522 273 623 Q.
297 517 429 599 sarr.
453 516 593 601 lana.
618 520 985 604 Tarroaaurrr

81 704 150 781 que
171 684 209 757 in
229 680 394 761 occasum
409 682 661 778 perseverane,
685 684 928 761 nonnellatio
949 688 1019 763 ruit
1034 686 1139 767 sera?

78 781 196 881 Jesum
211 782 322 859 Nare
337 784 572 859 debellantem
590 782 851 877 Amorrhaeos,
882 786 1057 882 prandille
1075 792 1137 865 illa

79 884 138 957 die
157 884 415 977 existimamus,
440 904 511 977 qua
524 883 601 977 ipsas
617 882 803 957 elementis
822 882 1008 961 stationem
1026 889 1137 982 impe·

55 1070 59 1077 ,
77 986 213 1077 travit,
239 983 335 1057 stetit
349 981 400 1055 sol
415 984 453 1057 in
469 982 642 1075 Gabaon,
662 980 698 1054 δι
713 981 799 1055 luna
819 983 856 1057 in
872 983 1002 1079 AJalon
1022 986 1134 1083 stetit,

79 1081 135 1159 sol
158 1084 191 1157 da
213 1085 296 1155 luna
317 1082 355 1155 in
374 1082 551 1171 statione,
584 1079 704 1154 donec
723 1082 821 1155 ultus
841 1082 893 1158 est
913 1088 1069 1180 populus
1089 1089 1135 1162 de

79 1182 229 1257 inimicis
248 1180 336 1275 liris,
361 1182 507 1255 &stetit
520 1179 573 1253 sol
585 1180 706 1253 medio
722 1182 826 1259 coelo.
878 1182 933 1258 Ut
946 1198 1062 1259 autem
1077 1209 1136 1260 ac·

82 1282 234 1355 cedebat
253 1281 293 1353 in.
308 1278 488 1372 occasum,
514 1280 548 1351 dr
565 1278 603 1351 in
617 1274 726 1354 finem
742 1280 812 1355 diei
827 1285 951 1371 unium
976 1285 1135 1361 nonfuit

82 1382 157 1454 dias
171 1382 252 1455 talis
267 1396 366 1455 retro
383 1379 415 1451 dr
435 1379 474 1451 in
492 1378 705 1470 novillim03
729 1381 855 1473 utique
870 1394 942 1457 tam
957 1386 1133 1480 prolixus,

79 1477 625 1657 lix,llllutrlllilll
638 1479 1137 1662 'limil‘muli'llnsllll‘

79 1678 157 1757 sera
173 1632 381 1775 longiorem.
433 1674 541 1750 Certe
556 1676 637 1750 Saul
659 1632 789 1773 &ipse’
801 1678 839 1753 in
863 1684 985 1776 praelio
1004 1683 1134 1756 consti-

80 1794 200 1872 tutus,
218 1772 400 1851 manifeste
409 1796 538 1850 maanus
551 1776 641 1851 istud
654 1778 803 1871 indixit,
823 1781 1014 1851 Metaurum
1031 1787 1131 1872 bomo,

80 1886 138 1980 qur'
150 1882 249 1953 ederit
258 1898 372 1973 panem
386 1878 427 1947 ad
439 1878 596 1973 vesperam
609 1880 713 1975 aspar,
725 1880 799 1949 dam
815 1878 943 1968 alcrfiar
957 1882 992 1951 de
1007 1886 1134 1953 inimica

79 2004 166 2075 mn,
197 1975 238 2055 ὅ
257 1998 323 2047 non
342 1976 482 2075 gustavit
508 1993 591 2049 lotus
616 1978 743 2073 pupulus
769 1980 857 2075 qur,
884 1977 924 2053 (5
949 1995 1017 2049 tora
1044 1998 1132 2054 terra

75 2078 259 2177 prandebat.
318 2070 473 2151 Tantam
496 2089 613 2150 autem
633 2074 734 2149 Deus
759 2074 920 2168 prestitit
943 2077 1132 2152 audiorita·

78 2192 154 2253 tem
176 2172 291 2249 edidio
316 2174 478 2249 stationis
497 2175 610 2267 illius,
634 2188 676 2246 ut
691 2175 870 2271 Jonathan
892 2172 984 2248 lilius
1001 2177 1130 2272 Saulis,

76 2290 286 2367 quamquam
304 2273 445 2371 lgnarus
459 2274 690 2367 jejunationis
705 2275 743 2345 in
759 2271 870 2349 serum
893 2271 1046 2349 definitae
1068 2298 1132 2374 gu-

75 2372 165 2448 stum
178 2374 292 2447 mellis
306 2371 510 2468 admiserat,
535 2372 570 2445 da
586 2371 681 2446 sorte
696 2392 783 2447 mox
798 2372 843 2446 de
858 2373 987 2447 delisto
1004 2376 1047 2450 fit
1059 2390 1132 2451 tra-

76 2472 215 2564 duetus,
232 2472 266 2545 u
283 2473 345 2545 vix
359 2492 424 2567 per
440 2492 585 2565 precem
603 2472 730 2567 populi
744 2473 906 2567 periculo
923 2491 1131 2569 exemptus:

76 2574 168 2671 gule
189 2572 282 2646 enin
302 2573 389 2645 licet
406 2572 567 2665 srmplicis
585 2591 668 2646 reus
685 2571 811 2647 fuerat.
861 2571 931 2647 Sed
952 2573 1133 2650 &Daniel

74 2692 173 2751 anao
190 2675 307 2766 primo
329 2672 420 2769 regis
438 2671 561 2764 Darii,
587 2692 667 2746 cum
683 2672 826 2765 ieJ'uoae
847 2670 884 2746 in
901 2671 1006 2746 sacco
1028 2674 1130 2747 &ci-

65 2792 162 2847 nere
189 2771 459 2868 exomologesin
483 2771 569 2845 Deo
594 2785 739 2869 ageret,
775 2774 821 2844 Er
843 2774 964 2857 adhuc,
999 2775 1130 2868 inquit,

73 2875 220 2973 loquente
237 2899 284 2941 me
301 2876 512 2959 irroratione,
537 2896 598 2942 ecce
617 2878 674 2939 vir
689 2896 777 2969 quem
795 2875 936 2942 videram
956 2880 993 2943 in
1007 2875 1129 2961 firnna'r

74 2976 189 3060 nario,
214 2974 361 3041 velorirer
376 2972 490 3040 volam
503 2974 772 3065 appropinquavi!
788 2973 869 3039 milei
887 2973 970 3069 quast
982 2970 1059 3043 dora
1071 2998 1132 3045 ve·

68 3074 211 3167 [petrini
220 3072 379 3160 fhcrificii.
431 3067 519 3141 Haec
533 3068 600 3139 erit
614 3064 719 3139 statio
736 3065 829 3155 sera,
856 3092 932 3161 quae
949 3071 992 3143 ad
1006 3072 1131 3167 vespe·

75 3192 152 3249 ram
161 3171 323 3267 jejunans
340 3166 564 3262 pinguiorem
578 3168 780 3241 orationem
800 3167 884 3241 Deo
900 3172 1070 3245 immolat.

155 3292 195 3345 11
225 3266 353 3341 Omnia
377 3280 493 3339 autem
516 3264 579 3339 ista
601 3264 711 3339 credo
733 3266 858 3364 ignota
878 3269 961 3361 eis,
1000 3269 1059 3362 qul
1084 3270 1131 3345 ad

76 3371 200 3445 nostra
211 3368 420 3459 turbantur,
442 3379 505 3439 aut
516 3360 590 3438 sola
603 3364 748 3440 forsitan
763 3366 917 3441 lectione
932 3388 1006 3442 non
1021 3370 1131 3446 etiam

74 3468 279 3543 intentione
295 3480 503 3560 comperta,
528 3461 716 3541 secundum
735 3466 906 3561 majorem
928 3470 1000 3543 vim
1019 3468 1131 3565 impe·

75 3568 256 3657 ritorum3
292 3565 384 3659 apud
408 3564 679 3662 gloriosissimam
706 3561 841 3640 scilicet
863 3568 1133 3644 multitudinem

74 3664 336 3763 psychicorum.
392 3662 589 3758 Propterea
604 3684 667 3761 per
682 3665 830 3763 srngulaa
845 3665 1036 3741 direximus
1054 3664 1131 3762 spe·

76 3768 152 3841 ci'ea
164 3766 453 3859 jejunationum,
486 3765 808 3861 xerophagiarum,
840 3764 1055 3861 stationum,
1086 3782 1133 3842 ut

75 3864 161 3941 dun
177 3863 401 3941 recensemus
414 3862 603 3939 secundum
616 3866 801 3957 utriusque
815 3866 1014 3941 testamenti
1029 3886 1132 3961 para·

73 3978 212 4059 trram,
238 3982 407 4057 quantum
426 3961 618 4058 proficiant
636 3960 785 4037 recusati
802 3967 977 4039 vel'recisr
995 3969 1055 4041 vel
1072 3986 1131 4041 re·

75 4065 205 4139 tardati
222 4065 342 4157 pabuli
363 4062 496 4138 officia:
528 4082 593 4163 eos
612 4063 863 4158 retundamus,
896 4069 954 4158 qui
970 4066 1047 4140 hec
1063 4084 1133 4140 vei

74 4164 134 4238 lut
158 4163 319 4242 utenda
342 4161 533 4240 infirmant.
590 4162 683 4239 Item
708 4162 793 4243 dum
818 4165 950 4260 pariter
973 4166 1133 4243 ostendi·

981 4288 1074 4357 mur,

251 4484 334 4520 μὴ,
