2400 4590
73 342 77 349 ¹
221 354 227 365 Ι
246 350 251 355 .
1137 348 1142 355 ι

553 378 565 389 u

219 578 223 583 -
290 520 400 601 ‘nra
424 512 476 595 -Ρ
496 536 527 595 o
545 488 882 648 nimirum:
908 530 955 619 r),
1043 508 1117 623 -09'5

35 696 137 761 :non
153 678 328 777 tnnphm
342 676 417 755 Dei
431 680 664 777 vorabant,¹
692 668 776 759 sum
793 658 1119 777 verimineebh

55 776 355 874 consequebatur.
414 780 538 874 ltaque
551 778 585 857 b
599 780 731 856 exinde
751 802 826 875 quo
844 778 1117 882 statmnbmrit,

53 882 94 957 dr
115 880 156 959 in
172 878 351 955 Christum
370 878 483 955 tinsia
498 878 833 977 induitchriibrm,
853 878 894 955 dt
912 890 1118 979 magabre-
1175 880 1180 887 '

53 978 205 1075 dempta
224 978 304 1074 est,
329 976 497 1077 sanguine
517 976 656 1054 sciiioeo
668 978 821 1057 Domini
835 978 871 1055 δι
885 980 988 1078 qni,
1005 994 1120 1059 tener

52 1079 207 1175 aliquod
228 1080 456 1175 exemplum,
486 1078 563 1155 srue
580 1090 822 1175 mesenum,
854 1080 935 1157 fine
948 1079 1119 1178 sormi,

50 1180 135 1259 sve
151 1176 363 1255 sententiam
374 1178 520 1253 indulte
529 1176 607 1255 five
618 1180 849 1279 indulgendo
865 1178 1120 1255 formationis

53 1292 169 1377 etque
181 1279 358 1369 rnoechie:
388 1278 500 1355 habes
514 1278 623 1355 etiam
634 1280 814 1375 temporis
833 1280 978 1373 anobis
993 1276 1120 1357 defim-

41 1380 200 1459 tiomm
250 1399 296 1454 ex
313 1376 693 1473 quodeputetureta's
711 1378 961 1475 innitimur}
1051 1396 1096 1447 r:

42 1548 45 1553 .
132 1500 170 1577 7.
194 1432 432 1573 sparsor:
448 1479 574 1554 uceut
587 1477 757 1574 nomas,
781 1480 845 1555 uu
862 1476 915 1553 est
933 1479 1017 1553 ovis
1037 1496 1120 1572 pe·

44 1576 134 1661 ‚dita
153 1598 179 1657 r
194 1577 355 1653 Domino
382 1578 576 1677 monstra,
609 1574 831 1691 §inumeris
858 1580 938 1675 eiua
957 1572 1117 1655 reue&

42 1676 263 1755 ssl’roeedrnt
277 1674 358 1771 ipse
370 1674 516 1774 pitirum
539 1679 688 1754 ealinrm
705 1676 930 1773 uerborum,
955 1676 1064 1753 fruel
1077 1677 1119 1753 in

53 1778 143 1855 iiiia
176 1778 353 1855 erlucebit
370 1778 625 1875 interpretatio
638 1776 788 1873 pauidis
805 1778 924 1873 iliiur',
944 1792 1119 1853 utrumne

44 1906 51 1925 ·
103 1890 108 1897 '
133 1878 142 1895 “
177 1880 279 1971 mo,
304 1876 710 1973 methnicopeeetton
728 1879 774 1952 de
788 1876 1017 1953 restitutione
1031 1890 1120 1953 con·

53 1978 181 2055 incer
222 1974 489 2053 .Praescribimur
508 1976 605 2055 enim
625 1998 672 2059 ,ex
685 1982 823 2053 mandre
834 1976 1045 2073 *disciplinm
1070 1995 1118 2053 ex

51 2078 137 2175 iege
154 2075 249 2151 arnis
261 2075 456 2175 biiugum,
481 2082 529 2152 er
541 2077 671 2153 mentis
685 2074 834 2153 sanitate
847 2075 1046 2172 en-snnper
1062 2080 1120 2153 rd-

53 2175 250 2272 sponderi,
285 2196 363 2269 qun
375 2189 649 2273 provocantur,
673 2176 782 2252 idest
803 2176 848 2251 ad
871 2198 918 2253 ee
934 2186 1016 2271 qun
1032 2196 1118 2271 pro·

56 2290 208 2351 uocant
255 2274 508 2373 Provocabat,
523 2292 565 2351 ut
581 2277 738 2372 opinor3
762 2276 861 2372 quod
879 2274 1038 2352 thisaei
1053 2299 1119 2371 pu·

58 2376 221 2450 blicanos
244 2374 278 2447 dt
300 2390 514 2467 peccatores
534 2380 701 2451 ethnicos
724 2379 971 2452 admittentem
991 2376 1120 2450 Domi·

54 2673 282 2751 stitutionem
300 2675 358 2746 cui
371 2674 429 2745 alii
443 2669 675 2770 configurasse
693 2675 909 2747 credendum
926 2671 996 2764 est,
1015 2692 1121 2763 quarn

58 2774 211 2849 ethnico
225 2774 371 2868 perdito
385 2773 429 2846 de
441 2793 516 2866 quo
531 2774 719 2869 agebatur,
744 2793 823 2846 non
840 2771 886 2844 de
903 2768 1120 2867 Christiano,

57 2873 121 2968 qui
145 2872 262 2947 adhuc
284 2871 422 2948 nemo?
457 2887 519 2946 aut
542 2873 647 2966 quale
670 2873 744 2967 est,
767 2885 811 2946 ut
830 2871 1008 2946 Dominus
1026 2872 1121 2965 quast

60 2973 254 3047 cavillator
272 2971 531 3068 responsionis,
558 2970 680 3047 omissa
696 2971 815 3072 specie
832 2969 993 3066 praesenti
1015 2992 1121 3064 quam

52 3088 292 3170 repercutere
313 3074 487 3166 deberet,
521 3072 709 3147 defutura
732 3072 904 3147 laboret?
941 3072 1011 3146 Sed
1036 3074 1120 3144 ovis

56 3175 208 3270 proprie
227 3172 468 3266 Christianus,
501 3171 535 3246 u
557 3193 644 3269 grex
660 3173 810 3248 Domini
826 3170 991 3246 Ecclefiae
1005 3191 1122 3265 popu·

59 3272 138 3366 lus,
165 3271 200 3345 bt
220 3271 341 3366 pastor
356 3273 477 3347 bonus
494 3270 674 3366 Christus,
701 3273 834 3346 &ideo
851 3270 1068 3346 Christianus
1082 3270 1122 3343 in

61 3392 140 3445 ove
160 3369 434 3469 intelligendus,
461 3373 522 3466 qui
548 3373 591 3445 ab
613 3368 778 3446 Ecclesrae
802 3393 909 3471 grege
934 3369 1121 3444 erraverit

55 3466 161 3568 Ergo
175 3473 264 3545 nihil
283 3470 327 3545 ad
341 3469 597 3546 Pharisaeorum
612 3470 885 3547 musitationem
904 3464 1122 3561 respondisse

55 3572 117 3644 vis
139 3569 364 3665 Dominum,
389 3571 450 3644 sed
470 3571 513 3646 ad
535 3574 632 3646 tu'am
652 3572 950 3666 praesumtionem.
1000 3565 1051 3641 Et
1069 3573 1122 3642 t'a-

59 3688 144 3769 men
164 3671 215 3744 ita
238 3667 316 3745 eam
336 3670 521 3753 uindicare
545 3671 713 3763 debebis,
744 3686 787 3745 ut
808 3692 918 3767 neges
944 3670 981 3739 in
1007 3667 1123 3743 ethni·

57 3786 143 3844 eum
166 3784 399 3865 competere,
426 3792 504 3864 quae
524 3772 561 3843 in
580 3769 813 3845 Christianum
838 3766 1013 3843 existimas
1034 3786 1121 3865 con-

55 3869 201 3946 venire.
263 3869 336 3943 Dic
365 3871 480 3966 mihi,
517 3891 643 3944 nonne
668 3892 777 3945 omne
801 3870 984 3944 hominum
1010 3888 1121 3967 genus

53 3966 135 4044 Dei
166 3990 257 4069 grex
281 3967 365 4045 esti
400 3969 553 4046 Nonne¹
568 3969 813 4045 universarum
844 3972 1002 4069 gentium
1027 3971 1122 4047 idem

52 4066 164 4146 Deus
190 4070 225 4145 dt
239 4071 419 4146 Dominus
434 4071 470 4144 dt
484 4070 606 4166 pastor
625 4071 704 4146 esti
739 4072 830 4173 Quis
854 4072 962 4168 magis
986 4072 1082 4171 perit
1100 4093 1122 4145 a

52 4166 178 4271 Deo,
208 4190 315 4266 mian
338 4170 505 4250 abuma
524 4173 694 4350 qusspmdiu
714 4171 847 4252 errati
891 4173 984 4272 Quis
1012 4169 1121 4286 magis

629 4293 652 4347 r
955 4289 1078 4368 requi·
1106 4367 1117 4383 ι
