2468 4530
311 498 388 555 nr
437 474 956 557 Quaererem-..²
1055 504 1102 579 qr

51 642 91 717 rel
112 650 322 739 propterea
346 642 387 715 in
414 640 523 715 nobis
548 640 762 737 reprehendi
788 652 974 733 meretum·
999 642 1102 739 quot

51 742 123 839 pud
143 742 249 815 idola
263 742 479 815 celebratur.
525 736 582 813 Eo
598 740 841 835 apponitur&
855 744 1100 823 irreverentia

51 845 198 933 rimen,
225 842 338 913 etiam
354 840 435 932 ipsis
448 842 669 932 nrtionibuu,
692 841 820 933 siquid
839 840 1022 939 saperent,
1045 848 1100 921 in·

51 940 284 1115 elligendum.
351 936 527 1029 Siquidem
552 940 758 1015 irreverens
783 938 836 1013 est
858 938 1004 1015 silidere
1033 943 1098 1021 sub

51 1062 98 1116 on
116 1038 231 1135 petto
259 1048 459 1127 contraque
484 1037 716 1134 conspetlum
740 1039 841 1131 einr,
881 1060 989 1133 quem
1016 1062 1099 1121 cum

51 1143 187 1215 mxime
213 1139 414 1213 reverearis
438 1156 480 1213 ac
503 1141 713 1213 venereris:
738 1152 876 1230 quanto
899 1144 1009 1237 magis
1034 1141 1099 1218 iub

53 1236 233 1335 onrpettu
255 1237 326 1309 Dei
343 1238 443 1327 vivi,
468 1240 599 1331 angelo
619 1237 735 1311 adhuc
750 1240 927 1310 orationis
940 1238 1099 1336 astante,

51 1340 161 1413 ibium
188 1336 282 1409 illud
308 1334 624 1431 irreligiosrffimum
649 1334 726 1431 eli,
750 1336 816 1411 nili
838 1342 1097 1430 exprobramus

51 1439 138 1519 leo,
168 1436 272 1529 quod
289 1456 359 1507 nos
377 1438 498 1508 oratio
518 1434 730 1533 fatigaverit

104 1558 167 1631 13.
198 1532 311 1627 Atqui
332 1554 414 1608 cum
430 1534 603 1609 modestia
627 1533 661 1609 b
683 1536 884 1609 humilitate
904 1535 1098 1613 adorantes

51 1638 140 1733 mgis
156 1634 455 1709 commendamur
468 1632 550 1709 Deo
565 1653 692 1727 preces
703 1632 855 1727 nostras,
868 1656 916 1709 ne
928 1636 1010 1729 iplia
1022 1638 1100 1729 qui·

51 1758 109 1811 ,em
128 1736 301 1809 manibus
315 1730 494 1807 sublimius
511 1735 636 1826 elatis,
666 1732 725 1809 sed
741 1748 940 1831 temperate
953 1756 996 1809 ac
1012 1755 1098 1829 pro·

51 1836 215 1909 celatis.
242 1832 303 1905 Ne
317 1832 422 1905 vultu
437 1831 579 1923 quidem
593 1834 629 1907 in
644 1833 827 1909 audaciam
840 1832 973 1910 eretlo.
998 1833 1097 1911 Nam

51 1936 86 2008 lle
107 1934 355 2028 publicanus,
381 1933 533 2023 quinon
550 1946 689 2007 tantum
705 1951 834 2028 prece,
860 1933 920 2007 led
935 1931 970 2006 u
987 1936 1096 2008 vultu

51 2034 243 2107 nmiliatus
265 2046 372 2122 atque
398 2028 553 2123 dejetlus
578 2036 731 2125 orabat,
760 2032 963 2130 julifficnrior
981 2036 1095 2127 pluati-

51 2158 79 2201 n
101 2128 360 2226 procaciffimo
384 2128 525 2222 dilceffir.
575 2130 697 2207 Sonos
723 2136 830 2210 etiam
852 2136 958 2207 vocis
979 2131 1095 2227 subje-

51 2232 103 2305 los
119 2230 198 2305 ene
217 2242 389 2319 oportet;
414 2244 476 2303 aut
490 2234 629 2323 quantis
645 2232 780 2307 arteriis
796 2254 890 2328 opus
898 2230 962 2325 est,
982 2234 1093 2330 supro

51 2352 120 2403 ono
139 2328 353 2403 audiamur?
380 2329 479 2403 Deus
499 2344 617 2405 autem
638 2351 715 2405 non
739 2335 866 2425 vocis,
892 2331 951 2406 sed
970 2335 1092 2409 cordis

51 2430 175 2503 uditor
201 2427 279 2509 est,
316 2429 406 2502 sicut
423 2429 648 2524 conspetlor.
700 2429 930 2505 Daemonium
952 2436 1092 2507 oraculi

51 2530 176 2621 'ythiit
212 2527 260 2600 Et
275 2544 412 2611 mulum,
437 2530 575 2617 inquit,
600 2533 759 2624 intelligo,
783 2530 822 2607 θ
836 2557 901 2601 non
915 2534 1094 2627 loquentem

51 2631 173 2702 caudit.
199 2628 269 2701 Dei
288 2648 389 2699 aures
405 2626 531 2701 sonum
546 2626 761 2721 expeflant‘l
788 2630 991 2726 Quomodo
1005 2650 1093 2725 ergo

51 2730 155 2801 »ratio
170 2728 274 2823 Jonae
291 2728 336 2797 de
357 2738 490 2797 ventre
511 2728 583 2796 ceti
607 2744 673 2819 per
692 2736 801 2797 tante
818 2725 937 2799 bestiae
957 2724 1093 2803 viscera

51 2830 75 2899 b
91 2828 175 2919 ipsis
196 2824 321 2919 abyssis
344 2844 411 2918 per
423 2835 559 2898 tantam
579 2824 732 2916 equoris
746 2826 881 2901 molem
902 2824 944 2899 ad
961 2829 1092 2905 coelum

51 2931 154 3002 lotuit
170 2923 354 3001 evadere?
381 2923 479 3023 Quid
496 2925 646 3017 amplius
663 2923 824 2999 referent
837 2926 915 3020 isti,
940 2929 1001 3019 qui
1021 2930 1091 3003 cla·

52 3028 304 3115 lundonam,
337 3024 400 3097 nisi
424 3024 523 3116 quod
543 3026 715 3120 proximis
737 3023 980 3121 obstrepunt?
1010 3026 1090 3102 Imo

51 3126 226 3201 erodendo
242 3126 440 3217 petitiones
455 3121 552 3219 suas,
578 3123 663 3217 quid
677 3126 795 3199 minus
808 3124 966 3221 iaciunt,
982 3146 1091 3220 quam

51 3222 108 3302 lin
126 3226 282 3323 publico
301 3222 432 3297 orent?

103 3348 163 3417 ¹4·
175 3324 338 3413 AliaJam
347 3319 571 3396 consuetudo
586 3322 757 3412 invaluit3
778 3323 1094 3417 ieiunanteshabi·

51 3446 66 3497 a
80 3430 255 3499 oratione
270 3442 351 3497 cum
371 3422 548 3511 fratribus,
573 3420 783 3496 subtrahunt
799 3426 961 3495 osculum
976 3423 1091 3517 pacis,

51 3526 126 3613 uod
150 3520 204 3597 est
225 3524 440 3619 signaculum
459 3523 646 3598 orationis.
701 3522 859 3621 Quando
881 3534 1002 3595 autem
1019 3544 1091 3597 ma·

51 3626 78 3715 ‚is
93 3622 325 3697 conferenda
347 3642 429 3695 cum
452 3620 617 3693 fratribus
639 3640 708 3715 pax
727 3619 799 3715 est,
823 3621 889 3695 nis1
909 3638 992 3693 cum
1010 3642 1090 3693 ora·

51 3723 131 3798 ione
169 3721 496 3795 commendabilior
525 3718 702 3812 ascendit,
726 3733 769 3794 ut
800 3722 863 3813 ipsi
897 3720 943 3791 dc
965 3718 1089 3795 nostra

51 3824 250 3915 >peratione
275 3822 517 3914 participent,
553 3840 666 3912 quam·
678 3821 752 3912 jam
777 3818 933 3893 audeant
956 3817 1001 3893 de
1028 3819 1088 3897 sue

51 3938 116 4008 pate
157 3920 259 3995 fratri
299 3916 524 4015 transigere?
566 3920 658 4017 Quae
696 3921 815 3991 oratio
852 3938 933 3994 cum
965 3920 1089 3992 divor·

51 4020 84 4091 io
102 4019 211 4096 santii
238 4018 351 4092 osculi
374 4016 534 4113 integra?
559 4039 666 4109 qucm
689 4017 840 4093 domino
857 4016 1016 4093 officium
1037 4018 1091 4091 fa·

51 4118 190 4201 lentem
209 4117 364 4217 impedit
381 4115 479 4215 paui
503 4118 622 4215 Quale
641 4112 852 4205 sacrificium
873 4118 947 4218 eil,
970 4138 994 4194 a
1014 4136 1096 4215 qun

974 4220 1059 4311 lune
