2400 4590
118 482 187 572 17⁶
256 478 304 575 Q.
331 474 466 551 Suet.
490 473 637 551 Fron.
663 471 1030 549 Trnruunrant

114 636 312 733 depretia,
343 636 394 709 ita
412 634 457 709 de
477 633 677 729 disciplina:
709 635 868 709 ficut.de
891 622 1171 729 charismatsrus,

10 764 14 779 ·
114 738 166 813 ita
197 738 241 810 de
271 734 501 823 solennibus:
537 749 580 806 ut
606 734 758 827 proinde
790 732 908 807 officia
938 734 1172 829 cessaverint,

115 834 412 931 quemadmodum
425 832 640 907 &beneficia
659 836 758 926 ejus:
778 849 883 927 atque
901 835 952 907 lta
963 839 1102 929 negetis
1116 858 1173 907 us-

19 1010 26 1037 ,
116 958 187 1029 que
209 934 323 1007 adhuc
350 955 431 1007 eum
452 936 571 1007 munia
592 936 797 1027 imponere,
830 938 912 1025 quia
933 934 967 1005 st
985 936 1044 1007 hic
1064 935 1173 1008 lex&

114 1035 301 1131 prophete
320 1055 432 1125 usque
452 1034 691 1128 adJoanncm.
742 1032 908 1125 Superest
924 1048 966 1105 ut
978 1046 1099 1107 toturn
1114 1056 1172 1107 au·

115 1130 259 1227 seratis,
285 1148 455 1225 quantum
474 1135 509 1205 in
532 1135 639 1205 vobis
657 1147 728 1206 tam
749 1131 916 1207 otiosum.

195 1254 251 1309 12.
283 1230 360 1326 Jam
384 1234 476 1306 enim
504 1231 598 1304 &in
622 1230 685 1303 ista
708 1230 824 1323 specie
849 1236 947 1303 ditari
974 1234 1173 1331 iniuratique

116 1338 276 1428 eruaris,
301 1352 378 1405 non
391 1328 515 1407 desua
530 1329 752 1423 incusantes,
779 1352 854 1421 :pua
868 1332 1010 1423 jejuniis
1027 1334 1173 1407 elimen-

10 1514 14 1533 ι
116 1448 197 1525 tur:
229 1453 297 1505 nec
322 1432 584 1505 revelationum
601 1426 746 1502 scicntia
767 1429 993 1525 indigentes,
1020 1452 1097 1523 quau
1111 1455 1174 1506 xe·

115 1532 298 1627 rophagiis
318 1543 621 1620 extorqueantur:
654 1551 721 1601 nec
740 1531 832 1601 bella
851 1531 996 1622 propria
1013 1546 1174 1605 metuen-

117 1646 195 1726 tes,
222 1652 297 1723 qute
313 1629 521 1703 stationibus
536 1625 780 1703 discutientem
828 1628 881 1699 Ut
900 1630 942 1701 ab
959 1631 1100 1723 Joanne
1113 1650 1176 1725 pa·

91 1734 272 1809 'racletus
296 1727 553 1821 obmutuisset,
587 1729 648 1821 ipsr
672 1730 778 1803 nobis
808 1731 994 1821 prophete
1021 1733 1055 1803 in
1082 1731 1175 1803 banc

115 1831 268 1906 maxime
283 1826 433 1902 caussam
443 1827 690 1903 extitissemus:
703 1829 773 1920 jam
784 1850 859 1900 non
872 1830 955 1900 dico
968 1829 1011 1901 ad
1023 1852 1174 1905 exoran-

115 1932 196 2004 dam
221 1928 294 2001 Dei
317 1930 434 2021 iram,
472 1948 541 2001 nec
566 1928 610 2000 ad
635 1927 890 2020 impetrandam
918 1931 1064 2018 tutelam
1096 1932 1174 2023 ejus

115 2044 180 2103 aut
197 2030 366 2125 gratiam,
391 2026 450 2101 sed
467 2028 509 2099 ad
532 2026 827 2119 praemuniendam
840 2046 904 2119 per
919 2043 1062 2101 nosmet
1076 2026 1172 2122 iplbs

114 2129 383 2203 novissimorum
416 2141 619 2219 temporum
655 2126 931 2213 conditionem:
975 2126 1173 2200 indicentes

116 2248 260 2301 omnem
280 2249 585 2326 consumpseram„
622 2246 701 2298 cum
729 2246 850 2297 carcer
877 2224 1101 2315 ediscendus,
1135 2225 1173 2297 dt

116 2327 225 2401 fames
247 2348 288 2399 ac
307 2328 377 2399 fitis
401 2325 628 2418 exercenda,
656 2326 778 2399 &tam
801 2325 926 2397 inediae
949 2346 1052 2417 quum
1076 2326 1175 2398 anxii

116 2426 231 2499 vissus
255 2427 445 2500 tolerantia
466 2424 662 2518 usurpanda
682 2425 744 2515 srt,
770 2425 867 2495 utin
892 2444 1070 2498 carcerem
1092 2428 1174 2497 talis

114 2524 274 2599 introcat
286 2525 505 2617 christianus,
523 2527 634 2617 qualis
646 2526 727 2598 inde
740 2522 932 2618 prodisset,
948 2546 1022 2596 non
1034 2545 1176 2617 poenam

115 2628 187 2701 illic
214 2622 391 2719 passurus,
416 2624 474 2699 sed
492 2624 726 2718 disciplinam3
758 2644 827 2696 nec
850 2623 956 2697 seculi
978 2637 1176 2715 tormenta,

114 2726 174 2799 sed
186 2723 380 2817 suaofficia,
392 2721 689 2818 eoquefidentior
700 2720 924 2817 processurus
937 2724 1174 2797 adcertamen

116 2849 136 2897 e
153 2825 311 2897 custodia
328 2823 451 2897 abusus
472 2827 560 2898 nibil
576 2827 709 2897 babens
730 2825 864 2916 carnis,
890 2823 936 2897 sic
956 2838 1091 2895 utnon
1112 2823 1175 2897 ha·

115 2927 225 2994 beant
247 2936 429 2995 tormenta
452 2925 652 3013 materiam,
680 2943 759 2995 cum
778 2920 854 2993 sola
871 2922 904 2993 dt
924 2922 1017 2994 arida
1031 2922 1074 2995 srt
1087 2938 1172 2995 cute

116 3022 308 3112 loricatus,
335 3022 515 3094 &contra
533 3024 879 3115 ungulascorneus,
906 3020 1081 3113 praemisso-
1099 3022 1174 3114 jam

117 3118 289 3214 sanguinis
311 3117 418 3192 succo
439 3134 603 3209 tanquam
630 3122 752 3193 animae
774 3119 1055 3213 impedimentis,
1087 3141 1173 3215 pro-

38 3277 44 3287 ,
117 3231 265 3317 perante
277 3218 348 3310 jam
367 3218 401 3291 tr
420 3218 491 3311 ipsa
506 3239 582 3311 quae
595 3220 666 3311 jam
680 3216 767 3311 saepe
777 3218 941 3311 jejunans
954 3232 1108 3293 mortem
1127 3221 1173 3295 de

116 3320 284 3416 proximo
299 3320 407 3392 norit.
457 3316 564 3392 Plane
586 3321 741 3393 vestrum
764 3318 815 3393 est
834 3320 871 3391 in
887 3320 1087 3392 carceribus
1105 3342 1174 3413 po·

117 3425 216 3516 pinas
239 3417 408 3491 exhibere
429 3419 643 3511 martyribus
667 3420 844 3513 incertis,
878 3441 925 3492 ne
948 3417 1173 3492 consuetudi·

117 3542 200 3595 nem
221 3532 398 3612 querant,
429 3539 474 3589 ne
498 3518 627 3592 taedeat
642 3521 747 3609 vitae,
772 3539 819 3592 ne
839 3540 939 3591 nova
955 3517 1175 3593 abstinentie

117 3620 297 3713 disciplina
313 3615 612 3711 scandalizentur,
645 3640 747 3710 quam
766 3641 833 3691 nec
849 3620 909 3691 ille
923 3616 1092 3693 Pristinus
1112 3622 1176 3703 rte·

117 3720 187 3793 ster
212 3740 288 3791 non
309 3714 513 3789 christianus
538 3734 674 3812 martyr
699 3718 892 3813 attigerat:
929 3739 1035 3810 quem
1060 3714 1094 3791 ta
1125 3712 1175 3795 fu·

119 3818 253 3891 cultate
279 3816 446 3890 custodiae
471 3817 588 3889 liberae
613 3818 816 3911 aliquandiu
847 3816 976 3893 sarsum
1008 3821 1175 3895 omnibus

119 3916 252 3991 balneis
274 3917 368 4008 quasi
392 3914 599 4010 baptismate
616 3917 850 4009 melioribus,
882 3919 915 3990 dt
935 3920 1101 3992 omnibus
1124 3923 1174 3993 lu·

115 4015 224 4094 nuria
239 4013 418 4090 secessibus
437 4016 529 4108 quasi
543 4016 696 4091 ecclesrre
711 4015 984 4109 secretioribus,
1011 4018 1045 4090 dt
1061 4018 1175 4093 omni-

115 4118 182 4193 bus
201 4114 283 4189 vite
295 4114 390 4189 istius
403 4117 578 4193 illecebris
595 4117 690 4211 quau
701 4130 845 4203 aeternae
862 4116 1084 4213 dignioribus
1099 4116 1174 4205 ho'c

1023 4232 1117 4317 puto

270 4422 358 4460 Α
