2400 4590
79 568 126 651 84
218 558 267 659 Q.
293 550 425 631 Srrr.
449 547 593 630 Ftoa.
619 548 981 629 Trnruttrnrtr

126 740 162 813 7.
187 714 265 811 Jam
291 736 384 791 vero
410 716 703 810 percurrentibus
730 718 835 789 nobis
864 706 994 789 cruss'as
1020 708 1089 811 imp

76 818 228 891 tientiae:
255 828 383 889 caetera
398 833 543 909 quoque
556 830 732 909 precepta
749 814 816 888 suis
833 816 924 887 locis
938 813 1089 907 respond

75 918 178 991 hunt.
238 916 274 987 Si
297 916 514 987 detrimento
539 916 590 987 rei
614 915 791 987 funriliaris
815 910 948 987 animus
972 916 1089 985 concii

75 1026 166 1107 tur,
203 1016 299 1087 omni
328 1030 421 1107 pene
445 1015 482 1086 in
509 1015 595 1085 loco
624 1010 667 1085 de
691 1012 956 1085 contemnendo
984 1010 1089 1085 secuit

74 1114 256 1208 scripturis
276 1112 462 1185 dominicis
484 1124 752 1186 commonetur:
776 1132 844 1185 nec
864 1112 978 1203 maJ'or
1006 1114 1089 1204 adp

76 1217 189 1287 cuniae
206 1224 455 1306 contemptum
479 1213 685 1284 exhortatio
704 1210 887 1303 subjacet,
914 1232 1016 1303 quarn
1030 1234 1089 1302 qu<

74 1311 148 1411 ipse
187 1312 353 1385 dominus
386 1312 423 1383 in
457 1310 562 1383 nullis
598 1310 730 1384 divitiis
766 1313 960 1385 invenitur.
1035 1310 1089 1383 Ser

74 1425 140 1511 'per
158 1426 333 1505 pauperes
346 1404 534 1503 justificat,
571 1410 701 1483 divites
723 1412 948 1503 praedamnat.
998 1408 1051 1481 lta
1070 1412 1089 1481 d

73 1514 284 1585 trimentum
302 1510 508 1603 patientie,
543 1506 715 1583 fastidium
741 1510 934 1603 opulentiae
957 1510 1089 1603 praemit

73 1610 219 1703 stravit,
245 1610 487 1683 demonstrans
501 1628 566 1703 per
582 1608 815 1703 abjettionem
833 1609 1057 1701 divitiarum,
1074 1610 1089 1680 l·

72 1708 170 1783 suras
195 1724 341 1801 quoque
362 1729 482 1781 earum
501 1708 756 1801 computandas
778 1724 855 1781 non
879 1706 959 1781 eise.
1017 1710 1089 1807 Qu<

74 1832 163 1905 ergo
187 1810 295 1881 nobis
316 1822 487 1905 appetere
502 1810 645 1883 minime
666 1830 757 1901 opus
779 1808 848 1901 est,
881 1808 962 1901 quia
980 1806 1088 1879 need

72 1914 189 1984 minus
213 1908 413 2001 appetivit,
445 1904 694 1981 detruncatum
716 1910 777 1981 vel
800 1910 907 1980 etiam
927 1906 1089 1999 adempto

72 2019 150 2083 non
167 2022 259 2103 aegr'e
275 2001 443 2079 sustinere
459 2006 640 2081 debemus.
682 2008 895 2101 Cupiditatem
911 2014 1050 2077 omnium
1066 2032 1089 2075 n

72 2112 175 2179 larum
186 2110 316 2177 radicem
330 2104 469 2199 spiritus
482 2106 616 2179 domini
627 2106 914 2199 perApostoltrm
923 2106 1089 2199 pronunti

73 2207 141 2279 rit.
185 2202 274 2279 Eam
289 2205 413 2277 nonin
429 2204 718 2299 concupiscentia
730 2206 832 2278 alieni
848 2215 985 2278 tantum
1003 2204 1089 2277 coni

73 2314 189 2376 'tutam
201 2306 495 2397 interpretemur:
526 2322 607 2377 nam
622 2302 656 2377 ot
672 2306 769 2396 quod
787 2303 947 2377 nostrum
970 2302 1089 2375 videtu

74 2406 228 2477 alienum
241 2402 307 2477 est:
326 2402 413 2475 nihil
426 2403 520 2475 enim
533 2402 713 2494 nostrum,
728 2406 895 2495 quoniam
909 2402 979 2475 Dei
995 2404 1090 2474 omni

74 2504 176 2597 cujus
197 2502 259 2595 ipsi
284 2522 430 2595 quoque
453 2522 533 2577 nos.
582 2502 707 2595 ltaque
726 2504 750 2575 st
768 2503 897 2575 damno
921 2498 1048 2575 adferri
1068 2503 1089 2575 ir

73 2604 255 2699 patienter
270 2594 496 2695 senserimus,
522 2620 598 2675 non
619 2598 664 2675 de
684 2600 810 2687 n'ostto
832 2598 984 2675 amissum
1007 2600 1089 2673 dole

72 2716 162 2795 tes,
197 2686 329 2775 adfines
355 2698 557 2795 cupiditatis
583 2700 898 2796 deprehendemur.
960 2698 1089 2771 Alienu

74 2803 282 2894 quaerimus,
310 2819 391 2873 cum
415 2802 568 2873 alienum
586 2798 767 2897 amissum,
801 2822 893 2898 aegre
914 2798 1089 2873 sustinent

76 2898 151 2999 Qui
179 2900 295 2971 damni
320 2898 539 2990 impatientia
560 2900 790 2993 concitatur,
824 2910 968 2973 terrena
986 2898 1089 2971 coelei

74 2997 143 3069 bus
159 2996 437 3089 anteponend0,
463 2996 508 3069 de
523 2999 690 3091 proximo
704 2999 741 3069 in
755 2998 873 3073 Deum
885 3012 1024 3093 peccat.
1056 2998 1089 3091 81

70 3094 183 3197 ¹titum
199 3097 292 3169 enim
310 3112 415 3187 quem
432 3112 452 3167 u
468 3094 616 3168 domino
630 3092 789 3192 sumpsit,
810 3096 973 3171 secularis
988 3098 1040 3170 rei
1056 3118 1089 3193 gr

74 3196 127 3268 tia
143 3194 318 3267 concutit.
357 3194 529 3269 Libenter
542 3194 650 3293 igitur
666 3208 809 3269 terrena
819 3200 1042 3289 amittamus,
1063 3218 1089 3267 c·

75 3292 175 3369 lestia
197 3309 368 3367 tueamur.
426 3288 567 3367 Totum
587 3296 674 3369 licet
693 3296 846 3369 seculum
870 3314 1018 3389 pereat,
1048 3294 1089 3367 du

72 3394 285 3491 patientiam
312 3388 539 3467 lucrifaciam.
599 3394 676 3489 Jam
702 3398 760 3488 qui
785 3398 959 3471 minutum
984 3396 1047 3468 fibi
1072 3418 1089 3467 a

77 3487 163 3585 quid
185 3505 246 3565 aut
265 3490 389 3585 furto,
425 3502 486 3565 aut
505 3493 545 3564 vi
564 3496 746 3569 autetiam
764 3496 925 3591 ignavia,
951 3516 1026 3569 non
1044 3514 1089 3565 co

74 3590 209 3665 stanter
232 3589 398 3665 sustinere
417 3590 621 3667 constituit:
652 3594 774 3667 nescio
793 3616 837 3668 an
855 3594 981 3685 facile,
1008 3594 1089 3664 vel·

76 3693 196 3763 animo
221 3688 294 3784 ipse
319 3690 372 3763 rei
399 3690 466 3765 suae
488 3709 631 3766 uranum
655 3692 788 3766 inferre
813 3692 930 3787 posset
954 3694 991 3765 in
1018 3710 1089 3764 cau

74 3788 322 3883 eleemosyna.
373 3792 464 3891 Quis
484 3794 577 3864 enirn
596 3794 639 3864 ab
665 3794 735 3865 alio
760 3790 867 3865 secari
888 3794 1037 3867 omnino
1055 3812 1089 3863 ni

74 3881 276 3982 sustinens,
309 3874 383 3981 ipse
407 3889 540 3963 ferrum
562 3892 598 3963 in
624 3902 781 3985 corpore
807 3890 871 3965 suo
900 3894 1009 3966 ducit.
1071 3888 1089 3963 I

74 3986 201 4059 tientia
232 3988 267 4059 in
294 3988 543 4085 detrimentis,
582 3992 794 4063 exercitatio
826 3990 878 4066 est
901 3988 1074 4087 largiendi

70 4087 372 4162 ¹communicandi.
423 4088 513 4163 Non
529 4090 628 4185 piget
644 4090 778 4163 donare
797 4106 898 4183 eum,
925 4094 986 4181 qui
1000 4109 1080 4163 non

72 4198 150 4261 uret
161 4185 322 4281 perdere.
373 4186 546 4283 Alioquin
563 4190 751 4283 quomodo
772 4191 858 4264 duas
880 4191 1016 4265 habent
1038 4201 1089 4259 tur

1007 4306 1085 4367 cas.
