2468 4530
140 484 216 581 346
301 482 350 583 Q.
375 476 514 555 Sarr.
545 475 692 553 Faoa.
716 470 1055 561 Tauroararrr

141 646 241 723 bello
268 656 466 733 cruentus,
501 638 687 713 &melior
710 636 917 728 homicida,
951 636 1095 709 laudem
1117 632 1186 709 suaa

142 740 418 818 consecratione
430 736 602 833 pensabit.
653 736 716 809 Est
731 759 776 809 ne
791 758 880 833 ergo
905 734 939 808 ἃ
960 734 998 809 in
1018 734 1188 810 vascula&

141 844 181 917 in
202 844 433 915 instrumenta
451 839 660 911 sententiam
683 832 820 933 figere,
853 848 896 907 ut
919 834 1189 910 dominorum&

84 998 90 1015 s
145 943 331 1017 autborum
349 942 484 1013 meritis
504 938 537 1009 dt
558 935 629 1030 ipsa
649 936 940 1023 communicent;
964 949 1008 1007 ut
1023 936 1111 1009 huic
1127 956 1204 1029 quo-

144 1060 216 1135 que
242 1038 539 1135 argumentationi
565 1036 823 1129 satisfecerim,
862 1036 951 1108 licet
975 1036 1022 1109 ab
1048 1038 1204 1129 exemplo.

142 1158 254 1213 vacet
282 1138 465 1209 diuersitas
485 1157 627 1229 rerum,
655 1134 774 1208 Omne
799 1136 895 1208 enim
912 1156 982 1207 vas
1007 1139 1073 1208 vel
1094 1134 1206 1209 instru-

142 1254 305 1316 rlrentum
325 1238 465 1309 aliunde
480 1240 516 1309 iu
531 1235 610 1307 usus
630 1237 753 1326 venit,
780 1250 952 1309 extranea
972 1238 1127 1309 omnino
1142 1256 1192 1309 ma·

143 1340 236 1413 teria
253 1360 273 1409 a
292 1334 479 1409 sulrstantia
501 1336 665 1409 hominis.
725 1335 819 1407 Caro
845 1347 967 1406 autem
990 1337 1039 1410 ab
1065 1336 1192 1407 exordia

143 1438 240 1509 uteri
257 1436 412 1527 consita,
440 1434 689 1528 conformata,
718 1436 912 1529 congenita
932 1434 1086 1528 animae,
1112 1436 1206 1509 etiarm

142 1536 300 1613 inomni
323 1536 537 1629 operatione
561 1534 727 1607 miscetur
746 1534 806 1607 illi.
857 1532 957 1607 Nam
979 1535 1048 1609 etsr
1065 1556 1128 1609 vas
1147 1554 1205 1607 ro=

144 1652 248 1708 catur
271 1634 364 1728 apud
388 1632 635 1730 Apostolum,
668 1655 773 1727 quarn
788 1634 894 1725 jubet
917 1633 958 1705 in
978 1634 1127 1717 honore
1143 1648 1192 1705 tra

144 1732 262 1823 blare,
289 1734 413 1806 eadem
434 1747 555 1806 tamen
577 1736 621 1807 ab
640 1736 769 1808 eodem
783 1732 897 1806 homo
914 1735 1088 1809 exterior
1103 1732 1193 1829 appel

143 1832 260 1909 latur:
284 1833 345 1905 ille
362 1831 495 1906 scilicet
509 1834 631 1925 limus,
659 1836 719 1926 qui
735 1832 834 1925 prior
856 1832 970 1904 titulo
991 1832 1194 1909 hominiair·

144 1928 237 2005 cisus
260 1930 329 2006 est:
363 1954 439 2005 non
463 1934 605 2024 calicis,
632 1946 694 2005 aut
712 1932 843 2028 gladii,
870 1944 932 2031 put
948 1930 1081 2007 fasculi
1102 1934 1193 2007 ulliut

142 2028 222 2103 Vas
245 2032 338 2103 enim
363 2032 568 2124 capacitatis
597 2032 743 2105 nomine
768 2030 858 2103 ditia
876 2028 948 2123 est,
981 2054 1057 2123 qua
1074 2036 1195 2107 animan

145 2128 299 2222 capit&
325 2131 513 2201 continet:
548 2131 661 2203 homo
687 2152 780 2203 vero
801 2131 845 2203 de
871 2136 1133 2205 communione
1153 2150 1194 2203 aa·

143 2242 255 2316 tura,
284 2249 361 2319 quae
385 2251 461 2300 earn
487 2249 563 2300 uon
585 2230 856 2304 instrumentum
878 2232 913 2301 in
939 2232 1194 2324 operationibus

142 2326 311 2420 praestat,
340 2324 398 2399 sed
414 2327 655 2403 ministerium.
707 2328 761 2402 lta
778 2332 810 2403 dt
831 2327 1068 2406 ministerium
1085 2328 1194 2405 tenebi·

143 2438 205 2497 tur
223 2426 388 2519 judici0,
415 2443 456 2499 ut
478 2428 522 2500 de
546 2428 608 2500 suo
634 2430 722 2502 nihil
743 2430 868 2522 sapiat:
903 2430 987 2520 quia
1013 2422 1194 2525 portioeli

146 2526 249 2618 ejus,
276 2548 354 2617 quae
376 2525 485 2620 sapit,
511 2549 588 2625 pon
613 2527 779 2623 supellex.
840 2528 923 2601 Hoc
953 2530 988 2601 dr
1017 2530 1193 2625 Apostolus

145 2622 260 2700 sciens
278 2627 365 2699 nihil
383 2610 524 2703 carne'm
548 2649 652 2724 agere
672 2650 737 2722 per
758 2628 997 2723 semetipsam,
1027 2632 1127 2723 quod
1141 2646 1194 2703 nor

145 2728 271 2797 anima*
297 2727 514 2818 deputetur:
555 2729 783 2801 nihilominus
809 2730 1055 2821 peccatricem
1084 2730 1196 2823 judicu

146 2844 313 2911 carnem,
341 2847 386 2897 ne
407 2826 570 2917 eoquod
593 2829 636 2900 ab
654 2830 768 2901 anima
791 2826 957 2899 videatur
979 2829 1138 2925 impelli,
1158 2828 1197 2920 ju

146 2923 244 2993 dicio
272 2925 421 2996 liberata
448 2926 623 3001 credatur.
687 2927 746 3000 Sic
772 2927 806 2999 bt
831 2948 912 3000 cum
943 2928 1081 3020 aliquas
1106 2926 1196 3002 laudis

145 3042 276 3115 operas
301 3026 396 3094 carui
416 3025 560 3115 indicit,
582 3028 772 3118 glorificare,
799 3032 898 3096 redire
917 3030 1027 3097 Deum
1046 3035 1084 3100 iar
1098 3044 1196 3125 corpur

143 3120 266 3218 velim,
294 3136 413 3193 certus
437 3123 470 3194 dt
498 3125 565 3195 hos
592 3138 744 3198 conatus
765 3129 809 3199 ab
836 3124 950 3198 anima
974 3128 1053 3223 agi:
1080 3128 1195 3203 idcirco

143 3234 263 3293 tamen
280 3221 313 3292 δι
329 3221 425 3293 carni
441 3242 505 3293 eos
520 3224 683 3317 mandat,
712 3226 793 3318 quia
809 3226 841 3298 bt
855 3226 904 3297 illi
919 3224 1077 3301 frustum
1091 3244 1195 3321 repro

150 3322 309 3394 mittunt.
369 3318 545 3412 Alioquin
569 3344 638 3395 nec
664 3326 897 3419 exprobratio
925 3323 1197 3423 competissetil

144 3420 295 3491 alienam
316 3421 449 3511 culpa,
477 3443 544 3493 nec
565 3426 771 3497 adhortatio
792 3425 827 3495 in
847 3438 1059 3500 extraneam
1077 3424 1196 3524 gloria:

146 3518 440 3611 &exprobratio
467 3522 589 3613 euim,
628 3523 662 3595 δι
691 3524 899 3598 exhortatio
926 3544 1107 3601 vacarent
1133 3538 1198 3619 erp

146 3638 307 3709 carnem,
334 3618 359 3692 ss
385 3638 533 3694 vacaret
555 3622 588 3693 dr
607 3643 762 3719 merces,
790 3644 866 3716 quae
890 3624 928 3696 in
954 3624 1198 3701 resurreetione

146 3732 320 3810 captatur.
1056 3744 1059 3749 ·

226 3840 277 3909 rp.
311 3816 514 3911 Simplicior
540 3820 689 3911 quisque
715 3820 837 3893 fautor
866 3822 1058 3899 sententia
1088 3820 1198 3898 nostra

144 3918 309 4005 putabit,
344 3939 484 3989 carnem
507 3920 613 3991 etiam
638 3920 776 3992 idcirco
797 3920 1123 4013 representandam
1145 3914 1200 3993 est

140 4010 298 4103 judicio:
331 4016 412 4107 quia
432 4019 534 4089 aliter
556 4020 671 4091 anima
691 4040 766 4092 non
787 4021 904 4113 capiat
924 4024 1121 4115 passionem
1139 4034 1201 4093 tor·

141 4114 255 4189 tuenti
275 4112 336 4189 seu
358 4116 556 4214 refrigeril3
578 4130 711 4213 utpote
731 4121 996 4219 incorporalis:
1023 4126 1099 4201 hoc
1122 4120 1202 4195 enin
