2400 4590
13 494 15 499 ’
110 479 186 579 »ᾗ
259 470 1025 595 ρ.8ὲι·τ.Ι«ἰοιΤιιιτυιιιηι

5 808 10 813 .
94 726 330 835 ,ἢκ-ιιι
370 734 395 815 ,’
438 736 547 817 tione
557 720 769 834 concipitur
802 752 958 827 omuut,
990 734 1028 809 de
1047 736 1171 820 tamen

345 868 355 917 ·.·
419 835 783 931 ,illaiamnoneib
838 834 1168 933 Sednecrcirigo

302 932 511 1043 timim,
545 948 608 1013 rut
625 958 827 1019 merentem
848 938 1000 1029 ulauen
1020 936 1167 1031 ealbrir,

35 1122 43 1140 ,
78 1102 83 1121 ,
102 1056 201 1139 m.
215 1034 308 1111 adeo
326 1054 485 1129 ¹cetrpora
501 1031 628 1111 somno
645 1034 913 1115 concalescanta
938 1048 983 1109 ut
995 1032 1167 1128 dispenso·

108 1136 166 1219 ἑο
189 1135 356 1211 cibonrm
375 1154 441 1227 per
460 1131 621 1215 somnum
643 1158 720 1211 non
740 1136 849 1223 facile
871 1133 1088 1233 procederet
1109 1154 1167 1209 ea·

105 1234 191 1317 iore
205 1232 445 1331 properabili,
471 1232 646 1333 &rigore
655 1232 847 1327 ¹tardabili,
873 1234 1043 1309 irsomno
1064 1228 1167 1329 regi-

103 1346 325 1435 gerarcrnur.
373 1330 458 1421 Plue
480 1330 678 1427 cib-guod
699 1338 806 1425 etiam
828 1332 938 1411 sudor
962 1330 1166 1431 digelbidnlr

48 1440 51 1447 ’
105 1430 287 1513 wenna
308 1428 362 1507 est
384 1430 504 1509 index.
556 1430 729 1529 Denique
750 1454 982 1529 concoquere
1002 1431 1165 1527 dicimur,

10 1580 17 1591 ,
109 1532 211 1629 quud
230 1528 804 1627 crioricnonfrigorir-uperptio
819 1532 895 1617 eli,
932 1530 1093 1607 Proinde
1106 1530 1166 1607 de·

2 1646 5 1655 '
106 1628 714 1737 mundonem-animalit-spunp,
738 1631 1050 1731 aut-indigentiam
1070 1629 1164 1725 spiri·

108 1744 193 1823 ΝΕ,
218 1742 294 1835 Ψ·
459 1730 469 1747 ·
523 1732 923 1829 stssfflfitispilitliss
953 1728 1166 1807 immortali!

107 1829 318 1917 mimam
340 1831 409 1905 mit
420 1828 537 1907 credi·
571 1830 669 1909 Perit
682 1834 833 1917 minian
849 1832 1064 1909 minoratur..
1101 1828 1164 1903 Su·

31 1936 40 1953 “
106 1926 266 2031 nertstfi
285 1926 388 2011 forte
402 1926 631 2015 mstoitir
644 1930 908 2019 resolutionem
926 1926 1089 2004 senlitalic
1110 1928 1166 2003 vi·

102 2028 209 2133 gorio
226 2024 392 2105 somnum
416 2027 720 2123 determinem,
753 2033 836 2124 quir
859 2030 1027 2120 corporis
1052 2024 1166 2109 solius

107 2130 267 2223 quietem
278 2140 477 2221 procuret,
500 2148 577 2203 non
593 2128 775 2205 &anime
825 2124 989 2203 Animam
1006 2126 1101 2198 enim
1121 2139 1166 2199 ut

107 2224 1030 2323 sempermobilemdtsempercxercitamunquam
1044 2223 1167 2299 succo

108 2329 196 2405 dere
209 2326 340 2419 quieti,
367 2326 490 2399 elienor
507 2324 1085 2405 scilicetastatuimmortalitatis:
1112 2326 1164 2399 ni·

106 2426 159 2505 bil
174 2427 269 2503 enim
282 2422 604 2505 immortalefinem
619 2428 801 2521 operirsui
815 2428 981 2503 admittit.
1008 2424 1163 2499 Somnus

52 2608 55 2623 ,
103 2540 229 2605 'tutem
247 2522 329 2601 finis
346 2522 479 2618 operit.
535 2524 706 2620 Denique
725 2527 873 2620 corpori
891 2526 949 2599 cui
965 2525 1162 2599 mortalitas

108 2626 310 2721 competit,
337 2627 368 2700 ei
390 2622 453 2697 soli
478 2625 581 2717 quiec·
599 2624 708 2703 finem
728 2628 850 2722 operia
864 2626 1037 2700 adulatur.
1088 2623 1162 2724 Qui

108 2748 198 2824 ergo
217 2727 262 2800 de
279 2722 391 2799 somni
407 2726 637 2801 naturalitate
654 2727 856 2818 dubitabit,
890 2726 999 2798 habet
1020 2724 1161 2815 quidem

106 2823 327 2903 Ditiedticos
348 2825 385 2897 in
408 2824 553 2899 dubium
574 2826 796 2903 deducentes
816 2838 931 2899 totam
952 2824 1163 2895 naturalium

107 2922 468 2999 &extranaturalium
483 2920 753 3017 discretionem,
773 2937 906 3014 utque
919 2921 1102 3013 putaverit
1115 2921 1163 2995 ci-

105 3035 164 3097 tra
177 3034 339 3095 naturum
355 3018 444 3107 elie,
468 3035 604 3097 natum
621 3024 793 3097 vindicari
807 3020 893 3094 sciat
911 3018 1031 3113 posse,
1060 3040 1164 3112 aqtu

102 3122 159 3213 itt
176 3116 247 3199 effe
269 3115 393 3190 sortita
414 3114 519 3213 sunt,
543 3133 587 3193 ut
607 3123 697 3194 eitra
716 3128 795 3195 eam
814 3120 936 3193 haberi
957 3118 1164 3212 videantur,

108 3217 281 3311 &utique
297 3229 360 3297 aut
375 3220 658 3311 naturcomnia,
684 3235 746 3293 aut
757 3219 854 3293 nulla
864 3234 1001 3294 natura.
1052 3216 1165 3312 Apud

107 3340 179 3405 nnc
193 3329 312 3393 autem
328 3315 365 3389 id
382 3318 521 3409 poterit
537 3317 673 3410 audiri,
698 3317 796 3411 quod
810 3316 879 3391 Dei
900 3319 1163 3410 contemplatio

107 3417 262 3517 suggerit
283 3412 437 3501 rudioris
456 3418 615 3511 omniurn
637 3418 683 3494 de
702 3417 830 3511 quibus
847 3419 1024 3510 queritur.
1077 3414 1164 3490 Cre·

102 3520 223 3595 dimus
239 3517 332 3591 enim
342 3512 370 3590 li
382 3514 466 3606 quid
478 3514 530 3591 est
543 3530 693 3610 nutura,
719 3518 894 3591 rationale
910 3514 1052 3607 aliquod
1069 3537 1163 3607 opua

105 3614 180 3697 Dei
198 3614 279 3692 elie.
337 3612 455 3687 Porro
471 3612 632 3691 somnum
656 3619 750 3691 ratio
771 3618 895 3710 praeit,
933 3630 1003 3687 tam
1025 3630 1162 3710 aptum,

97 3728 182 3807 tem
199 3716 353 3806 utilem,
386 3727 460 3789 tam
480 3710 737 3809 neceii'arium,
768 3731 810 3789 ut
832 3719 965 3808 absque
983 3715 1045 3786 illo
1065 3716 1166 3790 nulla

108 3817 224 3891 anime
243 3810 409 3906 sufficiat,
439 3828 691 3891 recreatorem
701 3835 920 3910 corporum,
945 3814 1164 3908 redintegra·

106 3928 226 3993 torem
242 3912 395 4004 vitium,
420 3916 653 4007 probatorem
668 3916 934 4006 valetudinum,
956 3927 1166 4006 pacatorem

107 4034 286 4106 operum,
319 4011 495 4090 medicum
519 4010 709 4106 laborum,
744 4016 801 4087 cui
824 4014 981 4109 legitime
1004 4011 1163 4087 fruendo

88 4113 184 4193 dica
204 4110 324 4206 cedit,
354 4128 430 4191 nor
454 4110 697 4215 legemdtcit,
722 4114 887 4213 auferens
911 4132 1029 4188 rerum
1056 4113 1166 4285 {tiam

930 4268 933 4273 .
1013 4231 1059 4283 co
1074 4232 1116 4285 o·
