2400 4590
18 584 23 595 ,
104 520 174 595 180
251 512 299 612 Q.
325 505 457 583 Sans.
483 502 627 583 Fron.
654 502 1017 583 Tanauntranr

102 672 314 770 permittens
337 632 409 743 ssu
431 670 551 743 omnia
568 668 612 742 au
630 666 916 743 constituendam
935 666 1168 764 idolothyto

101 794 181 847 rum
195 770 468 863 exceptionem,
487 790 564 842 non
580 770 749 842 tamenin
763 770 915 842 macello
927 769 1170 866 regnum'Dei

101 864 261 963 inclusit,
282 894 337 942 uec
352 874 454 954 euim,
471 868 608 963 inquit,
627 873 694 955 esus
708 887 766 939 aur
774 887 868 965 potus
883 869 923 966 ejl
942 875 1005 940 lui
1022 876 1187 963 reguum,¹

102 972 138 1046 dt
152 973 215 1057 esca
233 994 289 1041 uos
309 974 376 1041 Dae
393 994 459 1039 mam
475 972 683 1040 commendat:
711 990 786 1040 non
802 984 844 1041 ut
862 968 906 1042 de
922 968 1017 1041 arida
1035 968 1170 1047 distum

100 1084 234 1169 putes,
269 1060 329 1143 sed
350 1070 473 1164 potius
495 1068 660 1142 deftmtta
683 1068 717 1142 dr
736 1083 912 1142 accurata.
967 1068 1003 1141 Si
1022 1070 1169 1160 quidem

101 1167 306 1263 subjiciens,
321 1193 378 1240 ner
386 1171 413 1265 fi
425 1171 715 1240 manducaverimus
733 1171 975 1254 abundabimus,
992 1192 1046 1237 uec
1053 1169 1084 1263 ſs
1100 1196 1168 1243 nam

99 1270 399 1343 manducaverimus
411 1271 601 1359 deficiemus.-
617 1266 683 1341 tibi
694 1270 803 1365 magis
816 1268 970 1360 insonat,
985 1268 1043 1361 qui
1056 1270 1168 1345 abun-

17 1385 20 1391 “
99 1371 186 1444 dare
205 1381 243 1443 te
264 1367 437 1443 existimas
455 1369 479 1443 fi
496 1363 600 1462 edas,
625 1368 659 1441 u
682 1363 835 1441 deficere
856 1369 880 1443 si
903 1389 978 1440 non
997 1368 1101 1462 edas,
1130 1372 1168 1445 tu

99 1470 185 1543 ideo
205 1468 268 1543 ista
284 1468 467 1542 detrattas.
517 1468 715 1541 Dominum
736 1489 882 1561 quoque
899 1489 1004 1559 quam
1021 1469 1171 1567 indigne

99 1568 146 1643 ad
170 1584 268 1642 tuam
291 1568 472 1642 libidinem
495 1568 740 1662 interpretaris
758 1564 874 1662 passim
891 1566 1170 1647 manducantem

100 1669 369 1761 abluentem,
410 1666 468 1742 sed
489 1684 581 1763 puto
607 1669 831 1759 quodetiam
856 1668 1062 1761 jejunavit,
1102 1672 1166 1762 qui

100 1770 230 1842 b'eatos
249 1788 326 1840 non
343 1765 541 1861 saturatos,
566 1764 625 1842 sed
640 1764 832 1840 esurientes
847 1766 881 1840 dt
898 1767 1055 1841 sitientes
1078 1790 1169 1861 pro·

99 1869 308 1943 nunciavit:
332 1869 391 1960 qui
407 1866 520 1941 escam
535 1864 775 1962 profitebatur
790 1887 865 1939 non
881 1888 984 1959 quam
1003 1866 1167 1964 discipuli

99 1966 366 2062 existimarant,
402 1965 461 2040 sed
484 1967 623 2060 paterni
644 1969 764 2060 operis
787 1966 1071 2061 perfectionem,
1100 1969 1168 2042 do-

99 2088 184 2140 cens
209 2070 351 2160 operari
372 2066 577 2158 escamque
590 2081 713 2140 manet
728 2068 765 2137 in
782 2067 894 2138 vitam
911 2076 1099 2159 aternam,
1124 2070 1165 2144 in

99 2164 281 2239 ordinaria
309 2166 414 2240 etiam
442 2168 610 2239 oratione
633 2187 762 2259 panem
788 2167 955 2239 mandans
984 2164 1164 2258 postulan-

100 2267 208 2356 dum,
240 2284 318 2339 non
336 2266 370 2337 da
387 2264 574 2340 Attalicas.
635 2263 694 2336 Sic
718 2264 752 2337 &
776 2261 889 2337 Esaias
919 2285 996 2336 non
1017 2270 1168 2363 negavit

98 2364 221 2441 Deum
241 2360 380 2463 elegisse
395 2366 590 2459 jejunium,
618 2362 677 2437 sed
694 2366 797 2456 quale
815 2386 892 2437 non
914 2364 1061 2460 elegerit
1077 2388 1166 2441 enu-

98 2465 266 2541 meravit.
321 2471 361 2539 lu
377 2470 480 2537 diebus
496 2474 597 2553 anim,
622 2466 758 2559 inquit,
778 2468 971 2561 jejuni-irum
987 2466 1167 2562 vestrorum

101 2572 327 2639 inueniuntur
351 2571 533 2663 vuluptates
558 2566 689 2664 vultu,
722 2565 762 2640 ss
782 2590 883 2635 amnes
899 2562 1052 2662 subjetlas
1072 2571 1165 2639 valis

94 2668 298 2759 succutitis,
333 2683 394 2739 aut
415 2670 455 2739 aas
477 2662 682 2742 convitia&
705 2667 780 2735 sites
796 2668 955 2761 jejunatis
977 2668 1016 2738 U
1041 2670 1165 2737 caditis

96 2774 232 2864 pugnis,
251 2793 318 2837 mom
333 2770 397 2839 tale
407 2772 569 2867 jejunium
584 2791 631 2862 ega
648 2769 736 2861 elegi,
756 2763 815 2838 sed
828 2768 930 2857 quale
947 2762 1109 2861 subiecit,
1129 2767 1165 2842 &

100 2865 320 2958 subjiciendo
343 2887 420 2938 non
441 2866 602 2957 abstulit,
628 2863 686 2937 sed
705 2861 943 2938 confirmavit.

180 2969 234 3036 16.
262 2963 406 3036 Nam&
424 2964 449 3035 sr
467 2967 606 3036 mavult
625 2984 736 3057 opera
747 2962 913 3056 justitiae,
940 2986 1015 3037 non
1039 2979 1162 3042 tamen

101 3063 175 3137 fine
182 3063 360 3151 fiacrificio,
388 3064 486 3154 quod
506 3062 556 3136 est
572 3070 681 3132 artima
696 3061 876 3154 conflassem
889 3064 1043 3157 jejuniis.
1094 3065 1162 3138 Ille

101 3176 202 3236 certe
220 3160 319 3233 Deus
336 3164 393 3233 cui
410 3183 480 3233 nec
495 3163 651 3255 populus
665 3162 895 3235 incontinens
911 3168 999 3260 gulae
1013 3165 1162 3258 placuit,

101 3284 171 3337 nec
187 3259 372 3352 sacerdos,
402 3282 470 3331 nec
489 3263 706 3354 prophetes,
733 3281 877 3335 manent
900 3266 1014 3336 adhuc
1034 3284 1164 3337 monu-

101 3378 223 3435 menta
240 3356 558 3455 concupiscentie,
584 3362 646 3434 ubi
668 3361 824 3455 sepultus
848 3362 898 3435 est
914 3367 1069 3456 populus
1088 3384 1163 3435 car·

101 3462 157 3531 nis
180 3458 388 3535 avidissimus
411 3480 527 3550 vsque
550 3459 593 3532 ad
613 3462 795 3534 choleram
814 3476 1062 3557 ortygometra
1082 3484 1163 3534 cru-

101 3558 262 3634 ditando.
304 3558 457 3631 Eliditur
469 3578 538 3651 pro
555 3562 678 3652 templi
692 3560 829 3632 foribus
848 3558 965 3634 senior
980 3561 1082 3653 Heli,
1097 3558 1164 3635 filii

101 3658 178 3751 ejus
195 3661 231 3731 in
248 3658 323 3730 acie
335 3672 464 3749 ruunt,
483 3677 592 3729 nurus
612 3661 750 3751 expirat
765 3663 800 3732 in
815 3676 937 3752 partu:
960 3662 1053 3734 hanc
1067 3661 1164 3736 enim

100 3770 279 3829 metuerat
299 3780 319 3831 a
336 3756 420 3830 Deo
438 3757 574 3851 plagam
593 3756 719 3831 domus
737 3758 945 3855 impudens,
972 3757 1163 3834 sacrificio·

99 3870 178 3925 tum
196 3858 387 3929 carnalium
406 3854 655 3932 defraudatrix.
706 3857 846 3931 Sameas
862 3862 974 3933 homo
990 3860 1063 3933 Dei
1080 3882 1165 3935 cum

101 3950 238 4023 exitum
263 3953 507 4046 prophetasset
539 3955 754 4029 idololatriae
787 3957 997 4033 introduttte
1023 3982 1043 4032 a
1074 3980 1164 4057 rege

99 4047 346 4142 Hieroboam,
373 4054 454 4145 post
471 4074 612 4130 manum
633 4055 708 4147 ejus
725 4057 817 4153 regis
837 4057 1022 4132 arefattam
1045 4058 1079 4129 du
1097 4058 1163 4132 st'a-

97 4144 392 4245 timrestitutam,
417 4152 500 4246 post
514 4155 624 4231 altare
639 4151 826 4255 diffusum,
839 4158 1162 4333 obhaecggm&
