2400 4590
214 548 222 561 ·
297 540 375 597 ut
419 518 871 615 Moroorrcrc.
977 470 1109 611 ..css

57 690 217 760 mortem
229 684 347 759 maritl
359 683 418 757 alii
431 682 643 759 nubentem:
669 682 830 775 quicum
841 672 1111 757 mordicauec

56 783 142 879 legi,
154 802 232 855 non
246 782 364 876 potest
377 784 443 857 tibi
458 784 589 879 licere,
605 804 686 857 cum
697 780 859 860 recedisti
876 779 921 854 ab
936 800 998 872 cu,
1016 774 1110 875 apud

58 902 165 977 quam
180 882 245 957 tibi
265 883 407 957 licebat
575 917 579 925 ·

109 1002 169 1071 14
184 980 295 1056 Nunc
307 984 332 1057 sr
346 983 381 1056 &
394 980 555 1061 absolute
562 976 761 1077 Apostolus
770 976 976 1077 permisrss‘et
988 976 1026 1051 in
1035 972 1108 1053 fide

56 1078 180 1159 unillo
194 1084 424 1157 matrimonio
438 1083 595 1158 nubere:
625 1080 778 1177 proinde
792 1078 929 1155 iccillet
947 1076 1112 1171 quc-ad·

56 1178 205 1257 modum
219 1180 254 1255 δι
268 1198 416 1275 cetera,
441 1202 518 1274 quae
536 1178 702 1255 adversus
720 1178 872 1255 somnam
894 1179 1025 1275 regule
1041 1172 1111 1251 suu

55 1300 125 1379 pro
148 1278 359 1356 conditione
378 1295 582 1375 temporum
607 1280 732 1377 geffit,
767 1277 1021 1353 circumcidens
1047 1271 1111 1347 Ti·

57 1381 246 1457 motheum
260 1394 410 1478 propter
426 1378 733 1473 superindudlitior
752 1378 860 1455 fallor
883 1378 1038 1453 frium
1075 1372 1112 1447 dr

55 1476 155 1553 rasos
176 1481 350 1575 quosdam
363 1479 533 1555 inducens
550 1480 587 1557 in
602 1482 794 1573 templum,
818 1491 970 1574 propter
991 1470 1110 1549 obser·

56 1578 246 1654 rationem
262 1580 484 1674 Judaeorum3
508 1582 569 1654 ille
587 1581 648 1671 qui
667 1578 811 1655 Galatas
830 1580 868 1651 in
890 1580 970 1675 lege
981 1572 1111 1649 voleu-
1138 1640 1141 1645 .

56 1688 112 1755 tec
132 1698 238 1777 agere
256 1678 420 1777 castigat,
445 1676 506 1753 sed
523 1681 575 1754 ita
591 1700 649 1759 rer
670 1678 885 1777 exigebant,
908 1690 952 1751 ut
968 1674 1112 1745 cunila

57 1781 286 1872 maleficta,
305 1802 365 1879 quc
382 1802 487 1851 curres
500 1778 720 1872 lucrifaceret:
741 1784 930 1877 parturiens
942 1774 1034 1861 illoc,
1057 1774 1111 1845 lc·

56 1902 117 1951 cuc
131 1879 332 1973 [ornaretur
350 1876 492 1978 Clrrr'ssuc
514 1886 551 1949 irc
573 1873 665 1975 c'pfir,
693 1880 733 1955 U
749 1878 933 1971 calefaciens
956 1892 1111 1971 tanquan

56 1982 179 2052 ncrrix
195 1980 348 2075 parvum
359 1980 462 2073 fidel,
490 1977 658 2052 docendo
682 1978 840 2072 quedam
861 1996 928 2071 per
950 1976 1108 2067 veniam,

56 2098 134 2155 uon
153 2098 219 2173 per
234 2078 442 2172 imperium,
468 2074 584 2175 (aliud
603 2076 655 2151 est
673 2079 767 2153 erim
785 2076 990 2175 indulgere,
1015 2072 1111 2149 aliud

55 2174 231 2276 ubere>
256 2178 407 2271 proinde
438 2178 671 2272 temporalem
697 2179 875 2252 licentiam
898 2177 1108 2269 permittent

57 2278 179 2351 denuo
192 2277 368 2368 nubendi,
383 2293 534 2372 propter
548 2275 787 2353 infirmitatem
800 2279 928 2368 carnis,
945 2273 1109 2369 quemad·

58 2377 204 2453 modum
227 2376 374 2469 Moyses
398 2378 625 2472 repudiandi,
651 2394 801 2473 propter
818 2380 972 2448 duriciam
995 2380 1108 2446 cordis.

56 2472 110 2549 Et
133 2477 191 2549 hic
212 2478 331 2568 itaque
353 2476 538 2550 reddemus
558 2478 840 2570 supplementum
862 2474 978 2551 sensus
1000 2477 1109 2549 istius.

56 2574 93 2648 Si
109 2578 204 2651 enim
215 2574 369 2649 Christus
386 2576 539 2667 abludit,
554 2577 652 2668 quod
662 2578 809 2670 Moyses
824 2576 1012 2669 pracepit,
1028 2575 1111 2663 quia

55 2678 93 2747 cl
109 2675 668 2771 iniricnmjuicfic,necs1cideo
684 2678 727 2747 ab
741 2677 808 2747 ulia
824 2672 958 2747 venisse
972 2675 1111 2745 virtute

56 2778 282 2868 reputabitur
303 2774 479 2849 Christus:
505 2794 569 2846 cur
586 2793 664 2846 non
685 2773 940 2846 &Paracletus
963 2770 1109 2843 abstule·

55 2877 128 2967 rit,
158 2874 256 2967 quod
278 2874 405 2947 Paulus
425 2873 588 2947 indullit:
625 2871 707 2965 quia
727 2871 762 2944 dt
784 2871 972 2945 secundum
991 2870 1109 2945 matri·

55 2976 217 3051 monium
241 2974 285 3045 ab
306 2975 410 3047 initio
439 2994 515 3046 non
539 2974 631 3065 fuit,
664 2993 733 3045 nec
753 2971 836 3044 ideo
856 2969 1028 3065 suspectus
1049 2972 1110 3044 ha·

55 3074 194 3149 bendus
218 3074 280 3164 fit,
307 3074 398 3165 quasi
420 3074 558 3167 spiritus
580 3075 730 3146 alienus:
760 3084 898 3144 tantum
918 3086 960 3143 ut
973 3070 1057 3146 Deo
1073 3068 1111 3143 dt

58 3172 199 3247 Christo
220 3172 362 3268 dignum
379 3174 443 3265 fit,
468 3174 565 3264 quod
585 3170 853 3264 superducitur?
885 3170 953 3244 Sed
971 3170 1056 3245 Deo
1074 3171 1111 3243 dt

57 3272 200 3345 Christo
227 3272 368 3368 dignum
393 3272 461 3344 fuit
484 3272 646 3344 duritiam
673 3272 821 3362 cordis,
856 3283 1021 3361 tempore
1049 3290 1110 3342 ex·

56 3373 185 3467 pleto,
220 3372 466 3463 compescere:
501 3390 566 3442 cur
589 3391 666 3443 non
692 3372 827 3467 dignius
852 3371 895 3444 srt
920 3370 1053 3441 &Deo
1071 3366 1109 3441 dt

57 3469 221 3564 Christo,
244 3468 484 3544 infirmitatem
501 3472 615 3543 carnis
635 3483 799 3561 tempore
813 3471 885 3562 jam
901 3465 1108 3545 collectiore

55 3570 264 3645 discutere?
301 3570 326 3646 sr
344 3570 473 3662 iustum
493 3569 544 3643 est
561 3569 823 3643 matrimonium
844 3590 919 3642 non
943 3566 1110 3745 separarh

56 3674 180 3762 utiquc
203 3669 235 3742 u
255 3692 329 3742 non
347 3670 467 3743 iterari
489 3667 676 3742 honestum
701 3666 761 3743 est.
821 3670 986 3759 Denique
1013 3688 1082 3762 apu

57 3770 213 3843 seculum
222 3784 412 3859 utrumque
426 3769 462 3843 in
474 3769 571 3842 bona
583 3767 763 3861 disciplina
776 3768 985 3862 deputatur,
1012 3764 1107 3843 aliud

56 3868 264 3942 concordiae
285 3870 452 3962 nomine,
484 3868 576 3941 aliud
596 3867 785 3959 pudicitiae.
847 3865 1026 3959 Regnavit
1045 3868 1112 3943 du·

56 3970 136 4040 ritia
155 3969 274 4041 cordis
290 3967 462 4059 usquead
479 3965 671 4042 christum:
696 3964 903 4062 regnaverit
918 3962 1109 4042 &infirm-

55 4082 109 4140 tas
133 4069 248 4139 carnis
266 4089 380 4158 usque
402 4066 446 4139 ad
463 4066 695 4145 Paracletum.
752 4064 866 4139 Nova
886 4065 944 4139 lex
966 4064 1109 4141 abstulit

57 4168 272 4263 repudium,
301 4167 424 4242 habuit
442 4166 541 4261 quod
564 4164 730 4242 auferret
780 4162 893 4241 Nova
916 4164 1108 4339 pzophetia

954 4283 1063 4341 ecim-
