2468 4530
119 530 195 607 704
258 502 308 607 Q.
332 498 470 579 sarr.
495 496 639 575 laon.
664 494 1046 577 Trutinarum

119 665 305 765 Significat
321 665 440 737 verbo
455 660 554 737 fimul
574 660 696 735 omnia
709 658 831 735 clausa
851 660 991 755 videri,

119 770 218 847 Nam
232 768 389 839 vitreum
405 762 553 835 flammae
566 760 717 835 mixtum
730 782 856 851 mare,
885 758 1121 837 donalavacn'

121 868 258 963 Spiritu
270 862 432 937 conflato
448 859 676 933 credentibus
697 855 769 934 elle
780 862 939 935 tributa.

122 958 549 1151 linerolus
563 958 1090 1172 stimulanti

123 1162 181 1237 Ut
195 1164 278 1237 fora
288 1158 531 1253 judiciumque
548 1158 610 1231 sibi
629 1156 830 1254 anticipare
846 1160 1041 1237 volentes.

125 1260 176 1339 Et
190 1262 374 1377 fugerent,
402 1256 489 1331 ellet
502 1256 711 1353 properanti
726 1256 837 1372 copia
852 1258 944 1333 lata

177 1370 209 1441 8.
236 1360 293 1431 Sic
314 1361 420 1455 igitur
439 1358 521 1448 lex,
546 1356 582 1429 dr
601 1356 679 1431 miri
698 1356 870 1431 cecinere
891 1358 1100 1475 propheta,

128 1460 262 1533 Omnia
281 1456 330 1531 ilc
344 1452 535 1549 conjuncta
546 1455 693 1551 vigent,
719 1454 940 1549 veterisque
955 1461 1116 1551 novique

125 1557 303 1648 Pudens,
330 1555 389 1629 illa
408 1552 505 1629 sacra
521 1552 555 1626 dr
569 1553 789 1628 verborum
778 1556 956 1631 immania
971 1556 1074 1635 ditia

126 1660 186 1733 Sic
205 1658 241 1730 dt
252 1653 476 1749 Apostolica
491 1674 605 1729 voces
622 1650 798 1727 testantur
817 1654 981 1749 ubique,

127 1754 565 1847 Necquidquamveteris
578 1752 836 1827 noncstnovo
853 1754 941 1828 deni
944 1776 1020 1849 que
1031 1754 1168 1851 jurum

127 1858 187 1931 Sic
204 1868 345 1947 errant,
373 1852 407 1926 dt
424 1850 600 1927 dictorum
614 1850 663 1925 src
678 1850 770 1925 facia
784 1866 1032 1949 retorquent,

129 1956 205 2057 Qui
221 1952 321 2029 falsas
339 1950 479 2027 finxere
496 1952 596 2047 vias,
622 1949 903 2045 dominumque
934 1954 1123 2049 Deumque

127 2058 330 2133 Aeternum
344 2074 485 2147 regern,
511 2054 571 2144 qui
588 2064 727 2123 tantum
741 2051 899 2142 protulit
919 2055 1056 2129 orbem

127 2152 364 2236 Detredlant
391 2150 485 2223 aliud
504 2163 665 2241 quarunt
683 2146 743 2222 sub
759 2150 913 2225 nomine
930 2150 1039 2246 ficto,

128 2251 316 2329 Mentibus
334 2250 476 2339 orbati,
503 2268 588 2339 quas
606 2246 749 2321 amisere
765 2248 949 2343 furentes,

127 2350 329 2427 Externum
349 2348 418 2443 legi
431 2346 610 2421 Christum
622 2346 800 2423 affirmare
812 2352 1007 2429 volentes.

128 2452 213 2529 Nec
229 2448 351 2524 mundi
366 2446 585 2539 Dominum,
616 2448 730 2521 carnis
749 2468 870 2561 neque
884 2452 991 2525 velle
1007 2450 1146 2539 salutem

129 2552 213 2631 Nec
227 2550 364 2621 virtute
376 2549 485 2641 patris
501 2546 673 2621 latiorem
687 2548 855 2640 corporis
872 2547 1016 2641 ipsum:

129 2658 239 2831 ἕως
255 2648 433 2721 obturatis
451 2646 656 2745 fugiendum
671 2644 722 2720 est
739 2647 884 2719 auribus
901 2651 1026 2747 ultro,

172 2773 213 2824 ec
229 2748 391 2821 sermone
408 2746 470 2819 suo
490 2746 697 2821 maculent
687 2746 837 2819 innoxia
853 2748 986 2827 cordm

128 2850 243 2929 Nos
233 2849 361 2943 igitur,
395 2866 486 2938 quos
503 2857 603 2918 tanta
619 2844 690 2917 Dei
707 2844 868 2937 perfudit
885 2846 1075 2945 honestas,

127 2951 300 3038 Veraque
319 2945 478 3019 doctoris
492 2942 644 3019 coelestia
658 2946 771 3017 verba
788 2944 949 3041 magistri

126 3048 318 3127 Instituere
333 3045 460 3137 bonis,
485 3044 581 3118 reita
598 3044 880 3118 &monumenta
896 3046 1050 3142 dedere,
1175 3055 1186 3123 i
1231 3068 1232 3075 ¹

129 3150 276 3239 Semper
298 3146 519 3219 honoremus
534 3144 753 3237 Dominum,
779 3144 853 3218 sine
869 3142 947 3219 fine
965 3145 1184 3240 canamus‚'

130 3244 340 3323 Gaudentes
353 3264 511 3338 puraque
523 3240 618 3341 fide,
644 3258 812 3336 certaque
826 3242 962 3319 salute.

130 3348 221 3425 Nati
235 3365 328 3418 vero
343 3344 450 3438 Deo,
475 3344 651 3417 nutrimur
671 3364 762 3436 pane
784 3346 956 3439 perenni,

129 3446 329 3522 Aeternam
342 3455 428 3517 toto
447 3440 627 3538 sperantes
641 3442 788 3539 pectore
804 3442 930 3519 vitam.

139 3606 1163 3664 Um

489 3726 730 3803 LIBER
777 3728 828 3803 V.

133 3849 346 4027 nprimus
359 3848 543 3924 referens
532 3846 664 3922 mimici
680 3869 726 3922 ex
745 3848 875 3921 ordine
891 3854 1024 3947 verba,

262 3951 353 4063 Quae
369 3948 494 4046 refuga
510 3949 635 4022 illicite
648 3948 795 4021 molitus
812 3874 1024 4041 protulita'
988 3972 1114 4029 amens

128 4048 225 4121 Hinc
240 4050 346 4121 etiam
362 4052 475 4123 carnis
491 4047 568 4143 spes
586 4046 786 4121 &victoria
798 4044 945 4143 Christi,

128 4142 180 4224 Et
194 4146 334 4247 species
343 4148 506 4227 breuiter
519 4148 684 4229 {usuum
704 4146 846 4225 dista
807 4166 964 4231 vrarum·
1053 4242 1131 4323 Inde
