2400 4590
10 39 1164 505 μ

131 612 137 619 .
356 452 892 599 maotlrroltrcort
938 530 954 557 ·“
996 534 1000 555 ’
1042 530 1116 625 173,

53 672 312 773 Morum,
336 672 467 749 exinde
489 671 800 769 Apostolorum,
825 672 967 771 tertie,
989 668 1111 775 sexte,

49 790 174 851 tconae.
203 778 207 789 '
225 773 321 849 Hinc
341 777 463 868 itaque
482 772 679 849 &Petrum
700 774 814 849 dicam
835 794 882 848 cx
904 786 1032 855 vetere
1043 796 1111 873 po·

53 876 127 949 tius
141 870 210 948 ulit
227 894 362 949 nonam
383 870 601 967 observalse,
626 876 740 949 tertio
760 886 925 951 orantem
942 870 1111 969 suprema

54 973 234 1051 orationis
253 992 414 1047 numme.
439 970 550 1047 llaec
574 986 692 1047 cutem
708 986 859 1067 propter
872 972 986 1069 illos,¹
1002 972 1113 1065 orti-se

52 1084 185 1167 putant
205 1092 252 1145 ex
270 1070 505 1147 formaturi
523 1090 657 1167 agere,
683 1093 788 1162 quam
807 1072 1002 1167 ignorant,
1033 1090 1112 1151 non

56 1170 151 1263 qurfi
165 1164 369 1264 respuamus
384 1190 530 1265 nonam,
547 1172 606 1245 coi
620 1170 792 1263 &quarta
805 1169 950 1265 sabbati,
964 1167 1111 1249 &sexto

55 1271 245 1364 plurimum
262 1268 457 1365 fungimur:
488 1266 646 1363 sedquia
661 1290 809 1363 eorum,
842 1268 1113 1363 quar-extradi-

55 1370 160 1443 tione
186 1358 437 1443 observantur
449 1380 555 1443 tanto
580 1370 691 1465 magia
710 1362 850 1467 dignam
868 1371 1046 1447 rationem
1060 1370 1111 1447 as·

55 1466 152 1543 serre
172 1466 368 1562 debemus,
401 1483 538 1559 quanto
558 1482 682 1542 carent
702 1466 884 1563 scripura
901 1468 1113 1567 autoritate,-

57 1566 178 1645 donec
203 1566 323 1660 aliquo
346 1564 479 1641 celesti
501 1567 732 1662 charismate,
764 1583 828 1643 aut
851 1562 1111 1645 confirmentur

57 1682 120 1741 aut
133 1666 381 1763 corrigantur:
407 1666 446 1743 θ
454 1666 485 1763 fi
500 1680 591 1765 qna,
606 1666 744 1761 iuquit,
771 1675 943 1761 rgmrarr‘r,
966 1670 1115 1753 m

55 1768 325 1845 volisuaeuelalir.
372 1764 498 1859 ltaque
509 1760 664 1861 seposrto
679 1761 934 1842 confirmante
948 1767 1110 1845 omnam

55 1864 207 1941 istorum
220 1864 418 1961 paracleto,
429 1865 524 1939 duce
531 1860 705 1938 universae
719 1866 895 1963 veritatis,
909 1886 955 1939 an
968 1866 1118 1963 dignior-

58 1964 152 2061 apud
167 1984 246 2039 nos
273 1966 365 2037 ratio
391 1962 559 2039 affmautr
583 1964 623 2037 in
648 1984 783 2041 nonam
811 1964 1025 2043 observandi
1053 1986 1110 2043 re

57 2066 181 2158 quire,
204 2077 249 2137 ut
267 2064 375 2137 etiam
391 2062 502 2139 Petro
525 2084 569 2137 ea
587 2064 682 2137 ratio
699 2064 901 2158 deputanda
915 2063 978 2159 fit,
999 2063 1110 2142 aa»

56 2165 161 2249 tione
171 2174 260 2237 tunc
278 2161 417 2236 functas
433 2161 493 2238 est.
546 2162 660 2237 Venit
674 2165 768 2237 enirn
784 2164 829 2238 de
842 2165 942 2239 exitu
957 2164 1109 2260 domini,

55 2285 164 2355 quem
181 2262 219 2335 ἁ
243 2262 268 2336 fi
288 2260 423 2354 semper
449 2266 719 2336 commemorari
743 2277 893 2356 oportet
911 2265 984 2340 srne
1007 2264 1108 2342 diffe-

58 2362 173 2434 rentia
194 2363 382 2452 horarum,
407 2362 597 2455 imprellius
616 2377 754 2455 tamen,
787 2385 868 2439 cum
888 2366 960 2459 eia,
986 2360 1109 2441 secun·

57 2460 145 2533 dum
160 2458 271 2553 ipsum
286 2460 445 2533 stationis
463 2461 682 2535 vocabulum
697 2461 911 2539 addiscimus.
960 2463 1056 2540 Nam
1073 2464 1109 2538 δι

55 2562 187 2636 milites
208 2574 387 2652 nunquam
406 2561 630 2633 immemores
650 2559 880 2653 sacramenti,
912 2565 1019 2656 magis
1044 2564 1109 2637 sta·

56 2660 218 2731 tionibus
240 2673 379 2754 parent.
436 2659 560 2749 ltaque
583 2659 620 2729 in
640 2678 715 2730 eam
738 2680 851 2749 usque
873 2661 999 2733 horam
1019 2662 1110 2734 cele·

56 2758 194 2833 branda
208 2756 362 2850 pressura
379 2754 449 2850 est,
474 2756 511 2829 in
528 2775 630 2846 quaa
645 2754 744 2829 sexta
758 2759 1036 2832 contenebratus
1051 2779 1110 2832 or·

55 2854 301 2932 bis'defuntto
320 2857 469 2929 domino
486 2854 635 2949 lugubre
652 2853 740 2927 fecit
758 2852 936 2950 officium,
960 2870 1003 2931 ut
1021 2872 1109 2934 tunc

56 2957 94 3030 δι
115 2976 187 3031 noa
208 2969 431 3029 revertamur
453 2953 496 3029 ed
517 2955 780 3046 jocunditatem
802 2976 882 3029 curn
905 2955 1108 3033 &mundar

56 3058 197 3149 recepit
209 3057 418 3132 claritatem.
468 3055 553 3129 Hoc
579 3052 605 3128 fi
634 3056 743 3151 magis
771 3055 814 3129 ad
837 3057 1045 3154 religionem
1060 3057 1108 3133 sa·

57 3157 112 3249 pit
127 3154 376 3249 christianam,
401 3154 484 3229 dum
500 3156 609 3249 magis
624 3153 750 3229 Christi
767 3155 915 3252 gloriam
936 3159 1108 3252 celebrat,

57 3253 198 3348 possum
219 3273 317 3347 ecque
333 3253 415 3328 serae
437 3252 596 3327 stationis
618 3274 662 3325 ex
683 3253 811 3329 eodem
829 3256 880 3328 rei
900 3258 1026 3331 ordine
1045 3257 1108 3329 sta·

58 3368 137 3432 tum
151 3350 287 3449 ligere,
312 3366 353 3425 ut
363 3353 563 3445 jeJunenur
572 3351 621 3425 ad
630 3349 763 3445 serum,
783 3354 1009 3447 expettantes
1022 3364 1111 3429 tem·

57 3472 126 3546 pur
139 3452 330 3528 dominica
342 3451 546 3545 sepulture,
572 3470 654 3525 cum
668 3450 799 3547 Joseph
818 3455 1033 3546 postulatum
1051 3451 1111 3529 de·

56 3552 144 3631 tulit
157 3572 291 3647 corpus
307 3550 526 3626 &condidit
576 3548 662 3623 lnde
675 3551 708 3624 ἀ
722 3552 951 3648 irreligiosum
965 3550 1112 3626 estante

56 3650 274 3728 famulorum
297 3668 440 3725 carnem
456 3648 663 3745 refrigerare
680 3670 784 3741 quam
800 3651 950 3724 domini:
975 3663 1017 3721 ut
1034 3650 1110 3725 hac

56 3772 105 3825 ex
120 3753 466 3847 argumentationum
477 3750 745 3841 provocatione
760 3748 1011 3844 commiserim,
1024 3770 1111 3825 coa·

54 3848 211 3949 Jecum
226 3847 438 3943 conjecturis
455 3847 490 3921 it
507 3860 626 3922 tamen
645 3863 736 3941 puto
756 3847 976 3926 fidelioribus
991 3868 1113 3945 reper-

58 3953 212 4024 cutiens.
261 3949 455 4023 Videamur
475 3966 519 4021 an
541 3947 669 4040 aliquid
685 3952 756 4023 tale
770 3946 876 4021 nobis
895 3948 940 4022 de
957 3948 1112 4027 vetusta·

58 4051 158 4122 tibus
185 4068 330 4141 quoque
356 4048 614 4139 patrocinetur.
667 4045 708 4119 Io
729 4046 861 4121 Exodo
884 4047 1024 4123 habitur
1049 4049 1113 4122 ille

59 4145 202 4245 Moyseo
223 4144 390 4247 adrasus
405 4142 582 4228 anucco
603 4146 828 4228 orationibus
847 4147 1111 4347 pralieutqizeur·
