<?xml version="1.0" encoding="UTF-8"?>
<!DOCTYPE html PUBLIC "-//W3C//DTD XHTML 1.0 Transitional//EN"
    "http://www.w3.org/TR/xhtml1/DTD/xhtml1-transitional.dtd">
<html xmlns="http://www.w3.org/1999/xhtml" xml:lang="en" lang="en">
 <head>
  <title>
</title>
<meta http-equiv="Content-Type" content="text/html;charset=utf-8" />
  <meta name='ocr-system' content='tesseract 3.04.00' />
  <meta name='ocr-capabilities' content='ocr_page ocr_carea ocr_par ocr_line ocrx_word'/>
</head>
<body>
  <div class='ocr_page' id='page_1' title='image "./operaomniasanct03librgoog_0341.png"; bbox 0 0 2400 4590; ppageno 0'>
   <div class='ocr_carea' id='block_1_1' title="bbox 106 471 1023 581">
    <p class='ocr_par' dir='ltr' id='par_1_1' title="bbox 106 471 1023 581">
     <span class='ocr_line' id='line_1_1' title="bbox 106 471 1023 581; baseline -0.003 -24"><span class='ocrx_word' id='word_1_1' title='bbox 106 486 177 579; x_wconf 72' lang='lat'>3¹8</span> <span class='ocrx_word' id='word_1_2' title='bbox 253 479 300 581; x_wconf 90' lang='lat' dir='ltr'>Q.</span> <span class='ocrx_word' id='word_1_3' title='bbox 326 472 454 555; x_wconf 77' lang='lat' dir='ltr'>Sere.</span> <span class='ocrx_word' id='word_1_4' title='bbox 479 474 625 557; x_wconf 76' lang='lat' dir='ltr'>Ftor.</span> <span class='ocrx_word' id='word_1_5' title='bbox 649 471 1023 555; x_wconf 75' lang='lat' dir='ltr'>Tetaoeetttr</span> 
     </span>
    </p>
   </div>
   <div class='ocr_carea' id='block_1_2' title="bbox 7 636 1179 4031">
    <p class='ocr_par' dir='ltr' id='par_1_2' title="bbox 7 636 1174 3430">
     <span class='ocr_line' id='line_1_2' title="bbox 105 636 1168 741; baseline -0.002 -22"><span class='ocrx_word' id='word_1_6' title='bbox 105 639 359 735; x_wconf 64' lang='lat' dir='ltr'>molestatione</span> <span class='ocrx_word' id='word_1_7' title='bbox 378 640 430 741; x_wconf 74' lang='lat' dir='ltr'>est.</span> <span class='ocrx_word' id='word_1_8' title='bbox 484 637 601 713; x_wconf 69' lang='lat' dir='ltr'>Calon</span> <span class='ocrx_word' id='word_1_9' title='bbox 616 636 656 717; x_wconf 59' lang='grc' dir='ltr'><em>ὅ</em></span> <span class='ocrx_word' id='word_1_10' title='bbox 674 655 764 712; x_wconf 83' lang='lat' dir='ltr'>terra</span> <span class='ocrx_word' id='word_1_11' title='bbox 782 636 1168 741; x_wconf 56' lang='lat' dir='ltr'>prainibunrsinquitt</span> 
     </span>
     <span class='ocr_line' id='line_1_3' title="bbox 19 740 1170 843; baseline 0 -30"><span class='ocrx_word' id='word_1_12' title='bbox 19 812 27 835; x_wconf 34' lang='lat'>2</span> <span class='ocrx_word' id='word_1_13' title='bbox 104 747 212 817; x_wconf 78' lang='lat' dir='ltr'>caiam</span> <span class='ocrx_word' id='word_1_14' title='bbox 226 749 370 837; x_wconf 57' lang='lat' dir='ltr'>primum</span> <span class='ocrx_word' id='word_1_15' title='bbox 391 740 430 817; x_wconf 68' lang='lat'>(5</span> <span class='ocrx_word' id='word_1_16' title='bbox 456 757 546 811; x_wconf 82' lang='lat' dir='ltr'>torto</span> <span class='ocrx_word' id='word_1_17' title='bbox 564 746 671 835; x_wconf 79' lang='lat' dir='ltr'>&#39;prima</span> <span class='ocrx_word' id='word_1_18' title='bbox 692 740 862 829; x_wconf 81' lang='lat' dir='ltr'>abierunt,</span> <span class='ocrx_word' id='word_1_19' title='bbox 885 744 925 817; x_wconf 75' lang='lat'>(5</span> <span class='ocrx_word' id='word_1_20' title='bbox 944 742 1028 813; x_wconf 80' lang='lat' dir='ltr'>Inus</span> <span class='ocrx_word' id='word_1_21' title='bbox 1046 744 1170 843; x_wconf 63' lang='lat' dir='ltr'>noinojl</span> 
     </span>
     <span class='ocr_line' id='line_1_4' title="bbox 107 832 1171 937; baseline 0.001 -21"><span class='ocrx_word' id='word_1_22' title='bbox 107 849 266 917; x_wconf 73' lang='lat' dir='ltr'>inventos</span> <span class='ocrx_word' id='word_1_23' title='bbox 287 844 369 923; x_wconf 78' lang='lat' dir='ltr'>iiis,</span> <span class='ocrx_word' id='word_1_24' title='bbox 395 838 477 932; x_wconf 86' lang='lat' dir='ltr'>quia</span> <span class='ocrx_word' id='word_1_25' title='bbox 493 836 629 913; x_wconf 89' lang='lat' dir='ltr'>seilicet</span> <span class='ocrx_word' id='word_1_26' title='bbox 644 834 742 931; x_wconf 88' lang='lat' dir='ltr'>quod</span> <span class='ocrx_word' id='word_1_27' title='bbox 758 832 906 937; x_wconf 83' lang='lat' dir='ltr'>&amp;finit‚</span> <span class='ocrx_word' id='word_1_28' title='bbox 929 838 1053 915; x_wconf 86' lang='lat' dir='ltr'>locum</span> <span class='ocrx_word' id='word_1_29' title='bbox 1072 842 1171 919; x_wconf 80' lang='lat' dir='ltr'>amit·</span> 
     </span>
     <span class='ocr_line' id='line_1_5' title="bbox 106 936 1170 1043; baseline -0.001 -29"><span class='ocrx_word' id='word_1_30' title='bbox 106 944 165 1019; x_wconf 81' lang='lat' dir='ltr'>tit.</span> <span class='ocrx_word' id='word_1_31' title='bbox 215 936 273 1013; x_wconf 86' lang='lat' dir='ltr'>Sic</span> <span class='ocrx_word' id='word_1_32' title='bbox 295 940 328 1013; x_wconf 75' lang='grc' dir='ltr'>δι</span> <span class='ocrx_word' id='word_1_33' title='bbox 346 938 493 1033; x_wconf 83' lang='lat' dir='ltr'>David,</span> <span class='ocrx_word' id='word_1_34' title='bbox 518 962 606 1036; x_wconf 83' lang='lat' dir='ltr'>opera</span> <span class='ocrx_word' id='word_1_35' title='bbox 624 962 776 1010; x_wconf 81' lang='lat' dir='ltr'>mortuum</span> <span class='ocrx_word' id='word_1_36' title='bbox 800 957 927 1012; x_wconf 84' lang='lat' dir='ltr'>tuarum</span> <span class='ocrx_word' id='word_1_37' title='bbox 945 945 1031 1036; x_wconf 82' lang='lat' dir='ltr'>cali3</span> <span class='ocrx_word' id='word_1_38' title='bbox 1060 941 1100 1019; x_wconf 73' lang='lat'>(5</span> <span class='ocrx_word' id='word_1_39' title='bbox 1121 942 1170 1043; x_wconf 65' lang='lat' dir='ltr'>iffi</span> 
     </span>
     <span class='ocr_line' id='line_1_6' title="bbox 101 1034 1170 1147; baseline 0 -34"><span class='ocrx_word' id='word_1_40' title='bbox 101 1042 269 1147; x_wconf 61' lang='lat' dir='ltr'>probunt.</span> <span class='ocrx_word' id='word_1_41' title='bbox 320 1034 415 1113; x_wconf 84' lang='lat' dir='ltr'>Nam</span> <span class='ocrx_word' id='word_1_42' title='bbox 432 1038 468 1111; x_wconf 89' lang='lat'>&amp;</span> <span class='ocrx_word' id='word_1_43' title='bbox 478 1042 503 1131; x_wconf 66' lang='lat' dir='ltr'>ii</span> <span class='ocrx_word' id='word_1_44' title='bbox 517 1038 654 1111; x_wconf 77' lang='lat' dir='ltr'>tentabit</span> <span class='ocrx_word' id='word_1_45' title='bbox 670 1043 755 1126; x_wconf 83' lang='lat' dir='ltr'>illos,</span> <span class='ocrx_word' id='word_1_46' title='bbox 780 1044 873 1110; x_wconf 81' lang='lat' dir='ltr'>volut</span> <span class='ocrx_word' id='word_1_47' title='bbox 895 1050 1107 1137; x_wconf 74' lang='lat' dir='ltr'><em>opertorium,</em></span> <span class='ocrx_word' id='word_1_48' title='bbox 1133 1046 1170 1121; x_wconf 68' lang='grc' dir='ltr'><strong><em>ὅ</em></strong></span> 
     </span>
     <span class='ocr_line' id='line_1_7' title="bbox 107 1134 1169 1239; baseline -0.002 -20"><span class='ocrx_word' id='word_1_49' title='bbox 107 1144 330 1219; x_wconf 72' lang='lat' dir='ltr'>nutriuntur.</span> <span class='ocrx_word' id='word_1_50' title='bbox 380 1136 451 1213; x_wconf 85' lang='lat' dir='ltr'>Sed</span> <span class='ocrx_word' id='word_1_51' title='bbox 474 1138 508 1211; x_wconf 72' lang='grc' dir='ltr'>δι</span> <span class='ocrx_word' id='word_1_52' title='bbox 528 1136 659 1213; x_wconf 88' lang='lat' dir='ltr'>mutari</span> <span class='ocrx_word' id='word_1_53' title='bbox 676 1140 793 1233; x_wconf 81' lang='lat' dir='ltr'>perire</span> <span class='ocrx_word' id='word_1_54' title='bbox 810 1140 861 1213; x_wconf 89' lang='lat' dir='ltr'>est</span> <span class='ocrx_word' id='word_1_55' title='bbox 876 1134 1026 1237; x_wconf 88' lang='lat' dir='ltr'>pristino</span> <span class='ocrx_word' id='word_1_56' title='bbox 1052 1138 1169 1239; x_wconf 81' lang='lat' dir='ltr'>stanti,</span> 
     </span>
     <span class='ocr_line' id='line_1_8' title="bbox 109 1236 1170 1339; baseline -0.001 -23"><span class='ocrx_word' id='word_1_57' title='bbox 109 1265 215 1339; x_wconf 85' lang='lat' dir='ltr'>quem</span> <span class='ocrx_word' id='word_1_58' title='bbox 244 1238 328 1315; x_wconf 79' lang='lat' dir='ltr'>dum</span> <span class='ocrx_word' id='word_1_59' title='bbox 352 1252 556 1333; x_wconf 82' lang='lat' dir='ltr'>mutentur,</span> <span class='ocrx_word' id='word_1_60' title='bbox 591 1236 779 1328; x_wconf 80' lang='lat' dir='ltr'>amittunt3</span> <span class='ocrx_word' id='word_1_61' title='bbox 817 1238 960 1339; x_wconf 60' lang='lat' dir='ltr'>&amp;liclia</span> <span class='ocrx_word' id='word_1_62' title='bbox 985 1246 1110 1339; x_wconf 76' lang='lat' dir='ltr'>quodem</span> <span class='ocrx_word' id='word_1_63' title='bbox 1138 1248 1170 1315; x_wconf 85' lang='lat' dir='ltr'>lo</span> 
     </span>
     <span class='ocr_line' id='line_1_9' title="bbox 107 1340 1171 1432; baseline 0.001 -15"><span class='ocrx_word' id='word_1_64' title='bbox 107 1348 178 1417; x_wconf 84' lang='lat' dir='ltr'>ooelo</span> <span class='ocrx_word' id='word_1_65' title='bbox 210 1360 335 1429; x_wconf 80' lang='lat' dir='ltr'>raoni,</span> <span class='ocrx_word' id='word_1_66' title='bbox 368 1340 446 1432; x_wconf 76' lang='lat' dir='ltr'>fictor</span> <span class='ocrx_word' id='word_1_67' title='bbox 470 1340 530 1431; x_wconf 73' lang='lat' dir='ltr'>fici</span> <span class='ocrx_word' id='word_1_68' title='bbox 554 1340 648 1411; x_wconf 80' lang='lat' dir='ltr'>atior</span> <span class='ocrx_word' id='word_1_69' title='bbox 670 1364 739 1410; x_wconf 82' lang='lat' dir='ltr'>cum</span> <span class='ocrx_word' id='word_1_70' title='bbox 768 1340 876 1412; x_wconf 80' lang='lat' dir='ltr'>aalide</span> <span class='ocrx_word' id='word_1_71' title='bbox 899 1360 1046 1413; x_wconf 82' lang='lat' dir='ltr'>commota</span> <span class='ocrx_word' id='word_1_72' title='bbox 1073 1362 1171 1417; x_wconf 77' lang='lat' dir='ltr'>vmto</span> 
     </span>
     <span class='ocr_line' id='line_1_10' title="bbox 106 1439 1171 1543; baseline 0 -26"><span class='ocrx_word' id='word_1_73' title='bbox 106 1443 217 1517; x_wconf 76' lang='lat' dir='ltr'>attola</span> <span class='ocrx_word' id='word_1_74' title='bbox 232 1446 291 1529; x_wconf 75' lang='lat' dir='ltr'>[ua</span> <span class='ocrx_word' id='word_1_75' title='bbox 311 1442 449 1511; x_wconf 82' lang='lat' dir='ltr'>amitiit.</span> <span class='ocrx_word' id='word_1_76' title='bbox 502 1439 638 1511; x_wconf 82' lang='lat' dir='ltr'><em>Montes</em></span> <span class='ocrx_word' id='word_1_77' title='bbox 654 1463 729 1511; x_wconf 85' lang='lat' dir='ltr'>voro</span> <span class='ocrx_word' id='word_1_78' title='bbox 747 1455 900 1537; x_wconf 79' lang='lat' dir='ltr'>tanquam</span> <span class='ocrx_word' id='word_1_79' title='bbox 917 1466 987 1514; x_wconf 85' lang='lat' dir='ltr'>cata</span> <span class='ocrx_word' id='word_1_80' title='bbox 1002 1443 1029 1513; x_wconf 83' lang='lat' dir='ltr'>ii</span> <span class='ocrx_word' id='word_1_81' title='bbox 1050 1442 1171 1543; x_wconf 68' lang='lat' dir='ltr'>aristoni</span> 
     </span>
     <span class='ocr_line' id='line_1_11' title="bbox 106 1532 1172 1641; baseline 0.004 -28"><span class='ocrx_word' id='word_1_82' title='bbox 106 1538 305 1638; x_wconf 73' lang='lat' dir='ltr'>aeonspaiio</span> <span class='ocrx_word' id='word_1_83' title='bbox 330 1540 452 1610; x_wconf 81' lang='lat' dir='ltr'>domini</span> <span class='ocrx_word' id='word_1_84' title='bbox 477 1557 559 1613; x_wconf 83' lang='lat' dir='ltr'>cum</span> <span class='ocrx_word' id='word_1_85' title='bbox 579 1538 780 1629; x_wconf 67' lang='lat' dir='ltr'>sacratarii,</span> <span class='ocrx_word' id='word_1_86' title='bbox 812 1532 947 1615; x_wconf 87' lang='lat' dir='ltr'>scilicet</span> <span class='ocrx_word' id='word_1_87' title='bbox 972 1567 1026 1613; x_wconf 83' lang='lat' dir='ltr'>corr</span> <span class='ocrx_word' id='word_1_88' title='bbox 1050 1552 1172 1641; x_wconf 73' lang='lat' dir='ltr'>ringere</span> 
     </span>
     <span class='ocr_line' id='line_1_12' title="bbox 107 1636 1171 1741; baseline -0.001 -24"><span class='ocrx_word' id='word_1_89' title='bbox 107 1661 240 1721; x_wconf 77' lang='lat' dir='ltr'>terram.</span> <span class='ocrx_word' id='word_1_90' title='bbox 300 1636 370 1715; x_wconf 88' lang='lat' dir='ltr'>Sed</span> <span class='ocrx_word' id='word_1_91' title='bbox 386 1637 425 1717; x_wconf 57' lang='grc' dir='ltr'>(ὅ</span> <span class='ocrx_word' id='word_1_92' title='bbox 439 1640 596 1737; x_wconf 77' lang='lat' dir='ltr'>paludes,</span> <span class='ocrx_word' id='word_1_93' title='bbox 621 1639 759 1733; x_wconf 83' lang='lat' dir='ltr'>inquit,</span> <span class='ocrx_word' id='word_1_94' title='bbox 782 1640 955 1732; x_wconf 75' lang='lat' dir='ltr'><em>arefaciam</em></span> <span class='ocrx_word' id='word_1_95' title='bbox 973 1638 1008 1715; x_wconf 90' lang='lat'>&amp;</span> <span class='ocrx_word' id='word_1_96' title='bbox 1028 1660 1171 1741; x_wconf 71' lang='lat' dir='ltr'>quatem</span> 
     </span>
     <span class='ocr_line' id='line_1_13' title="bbox 107 1736 1172 1839; baseline 0.01 -30"><span class='ocrx_word' id='word_1_97' title='bbox 107 1770 223 1839; x_wconf 74' lang='lat' dir='ltr'><em>aquam</em></span> <span class='ocrx_word' id='word_1_98' title='bbox 236 1766 291 1813; x_wconf 81' lang='lat' dir='ltr'>nac</span> <span class='ocrx_word' id='word_1_99' title='bbox 306 1745 499 1827; x_wconf 56' lang='lat' dir='ltr'>inveniann</span> <span class='ocrx_word' id='word_1_100' title='bbox 519 1744 615 1812; x_wconf 78' lang='lat' dir='ltr'>etiarn</span> <span class='ocrx_word' id='word_1_101' title='bbox 632 1766 717 1811; x_wconf 83' lang='lat' dir='ltr'>orara</span> <span class='ocrx_word' id='word_1_102' title='bbox 731 1736 896 1813; x_wconf 63' lang='grc' dir='ltr'>Ιιαῖἷιηκι.</span> <span class='ocrx_word' id='word_1_103' title='bbox 942 1744 1035 1839; x_wconf 78' lang='lat' dir='ltr'>Quae</span> <span class='ocrx_word' id='word_1_104' title='bbox 1049 1744 1172 1823; x_wconf 68' lang='lat' dir='ltr'>omnia</span> 
     </span>
     <span class='ocr_line' id='line_1_14' title="bbox 107 1832 1173 1937; baseline 0 -16"><span class='ocrx_word' id='word_1_105' title='bbox 107 1842 145 1921; x_wconf 63' lang='grc' dir='ltr'>ἃ</span> <span class='ocrx_word' id='word_1_106' title='bbox 168 1842 194 1919; x_wconf 83' lang='lat' dir='ltr'>fi</span> <span class='ocrx_word' id='word_1_107' title='bbox 218 1843 319 1917; x_wconf 86' lang='lat' dir='ltr'>aliter</span> <span class='ocrx_word' id='word_1_108' title='bbox 345 1838 530 1933; x_wconf 88' lang='lat' dir='ltr'>putaverit</span> <span class='ocrx_word' id='word_1_109' title='bbox 553 1832 754 1935; x_wconf 84' lang='lat' dir='ltr'>spiritaliter</span> <span class='ocrx_word' id='word_1_110' title='bbox 779 1840 1068 1937; x_wconf 85' lang='lat' dir='ltr'>interpretanda,</span> <span class='ocrx_word' id='word_1_111' title='bbox 1095 1862 1173 1921; x_wconf 86' lang='lat' dir='ltr'>non</span> 
     </span>
     <span class='ocr_line' id='line_1_15' title="bbox 108 1936 1173 2037; baseline -0.001 -18"><span class='ocrx_word' id='word_1_112' title='bbox 108 1956 229 2019; x_wconf 87' lang='lat' dir='ltr'>tamen</span> <span class='ocrx_word' id='word_1_113' title='bbox 247 1940 387 2036; x_wconf 88' lang='lat' dir='ltr'>poterit</span> <span class='ocrx_word' id='word_1_114' title='bbox 403 1936 545 2013; x_wconf 87' lang='lat' dir='ltr'>auferre</span> <span class='ocrx_word' id='word_1_115' title='bbox 561 1940 750 2015; x_wconf 87' lang='lat' dir='ltr'>veritatem</span> <span class='ocrx_word' id='word_1_116' title='bbox 764 1940 814 2013; x_wconf 86' lang='lat' dir='ltr'>ita</span> <span class='ocrx_word' id='word_1_117' title='bbox 831 1938 1058 2035; x_wconf 77' lang='lat' dir='ltr'>futurorum,</span> <span class='ocrx_word' id='word_1_118' title='bbox 1082 1963 1173 2037; x_wconf 86' lang='lat' dir='ltr'>quo·</span> 
     </span>
     <span class='ocr_line' id='line_1_16' title="bbox 109 2034 1173 2137; baseline -0.004 -17"><span class='ocrx_word' id='word_1_119' title='bbox 109 2044 222 2121; x_wconf 87' lang='lat' dir='ltr'>modo</span> <span class='ocrx_word' id='word_1_120' title='bbox 247 2041 375 2136; x_wconf 87' lang='lat' dir='ltr'>scripta</span> <span class='ocrx_word' id='word_1_121' title='bbox 394 2034 486 2115; x_wconf 77' lang='lat' dir='ltr'>sunt</span> <span class='ocrx_word' id='word_1_122' title='bbox 537 2036 576 2112; x_wconf 87' lang='lat' dir='ltr'>Si</span> <span class='ocrx_word' id='word_1_123' title='bbox 591 2058 668 2132; x_wconf 83' lang='lat' dir='ltr'>que</span> <span class='ocrx_word' id='word_1_124' title='bbox 685 2040 779 2114; x_wconf 89' lang='lat' dir='ltr'>enim</span> <span class='ocrx_word' id='word_1_125' title='bbox 795 2034 1028 2137; x_wconf 72' lang='lat' dir='ltr'>ignierant,</span> <span class='ocrx_word' id='word_1_126' title='bbox 1054 2064 1098 2115; x_wconf 85' lang='lat' dir='ltr'>ex</span> <span class='ocrx_word' id='word_1_127' title='bbox 1115 2062 1173 2117; x_wconf 89' lang='lat' dir='ltr'>re·</span> 
     </span>
     <span class='ocr_line' id='line_1_17' title="bbox 108 2132 1169 2231; baseline -0.003 -14"><span class='ocrx_word' id='word_1_128' title='bbox 108 2136 177 2217; x_wconf 80' lang='lat' dir='ltr'>bos</span> <span class='ocrx_word' id='word_1_129' title='bbox 196 2140 466 2214; x_wconf 81' lang='lat' dir='ltr'>consistentibus</span> <span class='ocrx_word' id='word_1_130' title='bbox 486 2134 574 2211; x_wconf 88' lang='lat' dir='ltr'>fiant</span> <span class='ocrx_word' id='word_1_131' title='bbox 589 2132 729 2214; x_wconf 74' lang='lat' dir='ltr'>necesse</span> <span class='ocrx_word' id='word_1_132' title='bbox 750 2138 821 2231; x_wconf 78' lang='lat' dir='ltr'>est,</span> <span class='ocrx_word' id='word_1_133' title='bbox 847 2158 922 2213; x_wconf 91' lang='lat' dir='ltr'>non</span> <span class='ocrx_word' id='word_1_134' title='bbox 944 2158 988 2213; x_wconf 80' lang='lat' dir='ltr'>ex</span> <span class='ocrx_word' id='word_1_135' title='bbox 1010 2146 1169 2214; x_wconf 85' lang='lat' dir='ltr'>vacanti·</span> 
     </span>
     <span class='ocr_line' id='line_1_18' title="bbox 109 2232 1168 2337; baseline -0.003 -22"><span class='ocrx_word' id='word_1_136' title='bbox 109 2242 199 2333; x_wconf 69' lang='lat' dir='ltr'>hus,</span> <span class='ocrx_word' id='word_1_137' title='bbox 225 2244 307 2333; x_wconf 86' lang='lat' dir='ltr'>quia</span> <span class='ocrx_word' id='word_1_138' title='bbox 329 2238 417 2311; x_wconf 87' lang='lat' dir='ltr'>nihil</span> <span class='ocrx_word' id='word_1_139' title='bbox 436 2237 556 2330; x_wconf 84' lang='lat' dir='ltr'>potest</span> <span class='ocrx_word' id='word_1_140' title='bbox 576 2237 619 2313; x_wconf 89' lang='lat' dir='ltr'>ad</span> <span class='ocrx_word' id='word_1_141' title='bbox 644 2238 902 2313; x_wconf 80' lang='lat' dir='ltr'>similitudinem</span> <span class='ocrx_word' id='word_1_142' title='bbox 927 2238 970 2313; x_wconf 85' lang='lat' dir='ltr'>de</span> <span class='ocrx_word' id='word_1_143' title='bbox 993 2232 1056 2312; x_wconf 85' lang='lat' dir='ltr'>suo</span> <span class='ocrx_word' id='word_1_144' title='bbox 1081 2262 1168 2337; x_wconf 86' lang='lat' dir='ltr'>prae·</span> 
     </span>
     <span class='ocr_line' id='line_1_19' title="bbox 109 2334 1170 2436; baseline -0.004 -17"><span class='ocrx_word' id='word_1_145' title='bbox 109 2340 225 2432; x_wconf 82' lang='lat' dir='ltr'>stare,</span> <span class='ocrx_word' id='word_1_146' title='bbox 251 2334 531 2432; x_wconf 66' lang='lat' dir='ltr'>arsinthium,</span> <span class='ocrx_word' id='word_1_147' title='bbox 558 2338 656 2429; x_wconf 91' lang='lat' dir='ltr'>quod</span> <span class='ocrx_word' id='word_1_148' title='bbox 682 2339 743 2411; x_wconf 88' lang='lat' dir='ltr'>tali</span> <span class='ocrx_word' id='word_1_149' title='bbox 769 2337 992 2413; x_wconf 84' lang='lat' dir='ltr'>similitudine</span> <span class='ocrx_word' id='word_1_150' title='bbox 1016 2341 1170 2436; x_wconf 73' lang='lat' dir='ltr'>prestet</span> 
     </span>
     <span class='ocr_line' id='line_1_20' title="bbox 109 2430 1173 2535; baseline 0.003 -19"><span class='ocrx_word' id='word_1_151' title='bbox 109 2438 297 2515; x_wconf 83' lang='lat' dir='ltr'>Revertor</span> <span class='ocrx_word' id='word_1_152' title='bbox 328 2438 433 2535; x_wconf 87' lang='lat' dir='ltr'>igitur</span> <span class='ocrx_word' id='word_1_153' title='bbox 462 2435 505 2510; x_wconf 88' lang='lat' dir='ltr'>ad</span> <span class='ocrx_word' id='word_1_154' title='bbox 536 2434 685 2511; x_wconf 80' lang='lat' dir='ltr'>cantiam</span> <span class='ocrx_word' id='word_1_155' title='bbox 716 2430 943 2513; x_wconf 88' lang='lat' dir='ltr'>definientem</span> <span class='ocrx_word' id='word_1_156' title='bbox 975 2442 1095 2515; x_wconf 90' lang='lat' dir='ltr'>omnia</span> <span class='ocrx_word' id='word_1_157' title='bbox 1126 2460 1173 2519; x_wconf 83' lang='lat' dir='ltr'>ex</span> 
     </span>
     <span class='ocr_line' id='line_1_21' title="bbox 110 2534 1172 2637; baseline -0.004 -20"><span class='ocrx_word' id='word_1_158' title='bbox 110 2542 225 2618; x_wconf 84' lang='lat' dir='ltr'>nihilo</span> <span class='ocrx_word' id='word_1_159' title='bbox 241 2536 358 2631; x_wconf 76' lang='lat' dir='ltr'>edite,</span> <span class='ocrx_word' id='word_1_160' title='bbox 384 2534 421 2609; x_wconf 92' lang='lat' dir='ltr'>in</span> <span class='ocrx_word' id='word_1_161' title='bbox 442 2536 556 2611; x_wconf 88' lang='lat' dir='ltr'>nihilo</span> <span class='ocrx_word' id='word_1_162' title='bbox 573 2553 813 2632; x_wconf 75' lang='lat' dir='ltr'>perventura,</span> <span class='ocrx_word' id='word_1_163' title='bbox 840 2558 885 2610; x_wconf 84' lang='lat' dir='ltr'>ex</span> <span class='ocrx_word' id='word_1_164' title='bbox 903 2554 1041 2615; x_wconf 86' lang='lat' dir='ltr'>aeterno</span> <span class='ocrx_word' id='word_1_165' title='bbox 1062 2544 1172 2637; x_wconf 77' lang='lat' dir='ltr'>enirn,</span> 
     </span>
     <span class='ocr_line' id='line_1_22' title="bbox 108 2634 1172 2735; baseline 0 -18"><span class='ocrx_word' id='word_1_166' title='bbox 108 2639 149 2717; x_wconf 91' lang='lat' dir='ltr'>id</span> <span class='ocrx_word' id='word_1_167' title='bbox 162 2640 213 2715; x_wconf 86' lang='lat' dir='ltr'>est</span> <span class='ocrx_word' id='word_1_168' title='bbox 231 2662 275 2713; x_wconf 82' lang='lat' dir='ltr'>cx</span> <span class='ocrx_word' id='word_1_169' title='bbox 288 2640 436 2713; x_wconf 86' lang='lat' dir='ltr'>materia</span> <span class='ocrx_word' id='word_1_170' title='bbox 449 2634 536 2711; x_wconf 90' lang='lat' dir='ltr'>nihil</span> <span class='ocrx_word' id='word_1_171' title='bbox 551 2634 653 2712; x_wconf 85' lang='lat' dir='ltr'>Deus</span> <span class='ocrx_word' id='word_1_172' title='bbox 667 2637 846 2713; x_wconf 83' lang='lat' dir='ltr'>interibile</span> <span class='ocrx_word' id='word_1_173' title='bbox 861 2636 1020 2735; x_wconf 75' lang='lat' dir='ltr'>fecilior,</span> <span class='ocrx_word' id='word_1_174' title='bbox 1047 2661 1116 2716; x_wconf 87' lang='lat' dir='ltr'>nec</span> <span class='ocrx_word' id='word_1_175' title='bbox 1128 2660 1172 2717; x_wconf 82' lang='lat' dir='ltr'>ex</span> 
     </span>
     <span class='ocr_line' id='line_1_23' title="bbox 110 2734 1171 2838; baseline -0.002 -21"><span class='ocrx_word' id='word_1_176' title='bbox 110 2740 306 2835; x_wconf 80' lang='lat' dir='ltr'>ntojorihus</span> <span class='ocrx_word' id='word_1_177' title='bbox 332 2738 471 2811; x_wconf 86' lang='lat' dir='ltr'>minora</span> <span class='ocrx_word' id='word_1_178' title='bbox 498 2734 729 2833; x_wconf 84' lang='lat' dir='ltr'>condidisset,</span> <span class='ocrx_word' id='word_1_179' title='bbox 763 2738 819 2811; x_wconf 89' lang='lat' dir='ltr'>cui</span> <span class='ocrx_word' id='word_1_180' title='bbox 845 2739 954 2833; x_wconf 83' lang='lat' dir='ltr'>magis</span> <span class='ocrx_word' id='word_1_181' title='bbox 982 2756 1171 2838; x_wconf 54' lang='lat' dir='ltr'>congnito</span> 
     </span>
     <span class='ocr_line' id='line_1_24' title="bbox 7 2834 1173 2932; baseline 0.002 -17"><span class='ocrx_word' id='word_1_182' title='bbox 7 2890 11 2902; x_wconf 50' lang='grc' dir='ltr'>ι</span> <span class='ocrx_word' id='word_1_183' title='bbox 112 2861 157 2917; x_wconf 81' lang='lat' dir='ltr'>ax</span> <span class='ocrx_word' id='word_1_184' title='bbox 177 2834 377 2914; x_wconf 88' lang='lat' dir='ltr'>minoribus</span> <span class='ocrx_word' id='word_1_185' title='bbox 398 2837 532 2931; x_wconf 85' lang='lat' dir='ltr'>majora</span> <span class='ocrx_word' id='word_1_186' title='bbox 551 2838 773 2932; x_wconf 82' lang='lat' dir='ltr'>producere,</span> <span class='ocrx_word' id='word_1_187' title='bbox 799 2835 835 2911; x_wconf 92' lang='lat' dir='ltr'>id</span> <span class='ocrx_word' id='word_1_188' title='bbox 860 2836 978 2911; x_wconf 85' lang='lat' dir='ltr'>estex</span> <span class='ocrx_word' id='word_1_189' title='bbox 1002 2839 1173 2917; x_wconf 76' lang='lat' dir='ltr'>interibili</span> 
     </span>
     <span class='ocr_line' id='line_1_25' title="bbox 111 2935 1174 3032; baseline 0 -19"><span class='ocrx_word' id='word_1_190' title='bbox 111 2955 306 3028; x_wconf 75' lang='lat' dir='ltr'>aeternum,</span> <span class='ocrx_word' id='word_1_191' title='bbox 335 2936 482 3029; x_wconf 87' lang='lat' dir='ltr'>quod&amp;</span> <span class='ocrx_word' id='word_1_192' title='bbox 496 2939 592 3011; x_wconf 87' lang='lat' dir='ltr'>carni</span> <span class='ocrx_word' id='word_1_193' title='bbox 606 2935 733 3010; x_wconf 76' lang='lat' dir='ltr'>nostre</span> <span class='ocrx_word' id='word_1_194' title='bbox 747 2937 958 3032; x_wconf 83' lang='lat' dir='ltr'>pollicetur,</span> <span class='ocrx_word' id='word_1_195' title='bbox 985 2941 1084 3032; x_wconf 83' lang='lat' dir='ltr'>cujus</span> <span class='ocrx_word' id='word_1_196' title='bbox 1101 2942 1174 3013; x_wconf 82' lang='lat' dir='ltr'>vir·</span> 
     </span>
     <span class='ocr_line' id='line_1_26' title="bbox 112 3031 1174 3129; baseline -0.002 -16"><span class='ocrx_word' id='word_1_197' title='bbox 112 3052 209 3113; x_wconf 86' lang='lat' dir='ltr'>tutes</span> <span class='ocrx_word' id='word_1_198' title='bbox 237 3038 271 3108; x_wconf 74' lang='lat' dir='ltr'>tc</span> <span class='ocrx_word' id='word_1_199' title='bbox 294 3036 490 3127; x_wconf 88' lang='lat' dir='ltr'>potestates</span> <span class='ocrx_word' id='word_1_200' title='bbox 512 3031 589 3110; x_wconf 84' lang='lat' dir='ltr'>suas</span> <span class='ocrx_word' id='word_1_201' title='bbox 609 3036 705 3110; x_wconf 85' lang='lat' dir='ltr'>hunc</span> <span class='ocrx_word' id='word_1_202' title='bbox 721 3036 793 3129; x_wconf 84' lang='lat' dir='ltr'>jam</span> <span class='ocrx_word' id='word_1_203' title='bbox 819 3034 1029 3111; x_wconf 85' lang='lat' dir='ltr'>arrabonem</span> <span class='ocrx_word' id='word_1_204' title='bbox 1051 3038 1174 3123; x_wconf 80' lang='lat' dir='ltr'>voluit</span> 
     </span>
     <span class='ocr_line' id='line_1_27' title="bbox 106 3130 1174 3229; baseline -0.001 -16"><span class='ocrx_word' id='word_1_205' title='bbox 106 3136 150 3213; x_wconf 87' lang='lat' dir='ltr'>in</span> <span class='ocrx_word' id='word_1_206' title='bbox 167 3132 274 3210; x_wconf 86' lang='lat' dir='ltr'>nobis</span> <span class='ocrx_word' id='word_1_207' title='bbox 290 3130 504 3229; x_wconf 80' lang='lat' dir='ltr'>collocaiie‚</span> <span class='ocrx_word' id='word_1_208' title='bbox 528 3149 570 3209; x_wconf 89' lang='lat' dir='ltr'>ut</span> <span class='ocrx_word' id='word_1_209' title='bbox 590 3136 774 3211; x_wconf 79' lang='lat' dir='ltr'>credamus</span> <span class='ocrx_word' id='word_1_210' title='bbox 795 3140 919 3228; x_wconf 76' lang='lat' dir='ltr'>enam,</span> <span class='ocrx_word' id='word_1_211' title='bbox 944 3131 1066 3226; x_wconf 77' lang='lat' dir='ltr'>illum,</span> <span class='ocrx_word' id='word_1_212' title='bbox 1093 3136 1174 3211; x_wconf 88' lang='lat' dir='ltr'>uni·</span> 
     </span>
     <span class='ocr_line' id='line_1_28' title="bbox 109 3234 1174 3331; baseline 0.005 -20"><span class='ocrx_word' id='word_1_213' title='bbox 109 3238 316 3313; x_wconf 75' lang='lat' dir='ltr'>veritatem</span> <span class='ocrx_word' id='word_1_214' title='bbox 343 3253 388 3308; x_wconf 86' lang='lat' dir='ltr'>ex</span> <span class='ocrx_word' id='word_1_215' title='bbox 413 3235 526 3308; x_wconf 87' lang='lat' dir='ltr'>nihilo</span> <span class='ocrx_word' id='word_1_216' title='bbox 551 3237 654 3312; x_wconf 87' lang='lat' dir='ltr'>velut</span> <span class='ocrx_word' id='word_1_217' title='bbox 680 3254 904 3331; x_wconf 84' lang='lat' dir='ltr'>emortuam,</span> <span class='ocrx_word' id='word_1_218' title='bbox 936 3256 1012 3327; x_wconf 81' lang='lat' dir='ltr'>que</span> <span class='ocrx_word' id='word_1_219' title='bbox 1034 3234 1174 3316; x_wconf 88' lang='lat' dir='ltr'>scilicet</span> 
     </span>
     <span class='ocr_line' id='line_1_29' title="bbox 111 3329 807 3430; baseline -0.007 -12"><span class='ocrx_word' id='word_1_220' title='bbox 111 3356 189 3418; x_wconf 84' lang='lat' dir='ltr'>non</span> <span class='ocrx_word' id='word_1_221' title='bbox 203 3353 279 3410; x_wconf 89' lang='lat' dir='ltr'>erat</span> <span class='ocrx_word' id='word_1_222' title='bbox 297 3337 334 3409; x_wconf 92' lang='lat' dir='ltr'>in</span> <span class='ocrx_word' id='word_1_223' title='bbox 350 3336 424 3409; x_wconf 89' lang='lat' dir='ltr'>hoc</span> <span class='ocrx_word' id='word_1_224' title='bbox 440 3349 482 3408; x_wconf 89' lang='lat' dir='ltr'>ut</span> <span class='ocrx_word' id='word_1_225' title='bbox 500 3329 606 3430; x_wconf 81' lang='lat' dir='ltr'>effer,</span> <span class='ocrx_word' id='word_1_226' title='bbox 626 3330 807 3414; x_wconf 85' lang='lat' dir='ltr'>suscitasse.</span> 
     </span>
    </p>

    <p class='ocr_par' dir='ltr' id='par_1_3' title="bbox 109 3432 1179 4031">
     <span class='ocr_line' id='line_1_30' title="bbox 191 3432 1174 3533; baseline 0.006 -25"><span class='ocrx_word' id='word_1_227' title='bbox 191 3457 249 3531; x_wconf 79' lang='lat'>35.</span> <span class='ocrx_word' id='word_1_228' title='bbox 282 3434 340 3509; x_wconf 89' lang='lat' dir='ltr'>De</span> <span class='ocrx_word' id='word_1_229' title='bbox 357 3450 481 3509; x_wconf 88' lang='lat' dir='ltr'>cetero</span> <span class='ocrx_word' id='word_1_230' title='bbox 504 3456 597 3509; x_wconf 86' lang='lat' dir='ltr'>vero</span> <span class='ocrx_word' id='word_1_231' title='bbox 616 3436 708 3510; x_wconf 89' lang='lat' dir='ltr'>statu</span> <span class='ocrx_word' id='word_1_232' title='bbox 728 3437 910 3533; x_wconf 74' lang='lat' dir='ltr'>materiae,</span> <span class='ocrx_word' id='word_1_233' title='bbox 942 3434 1101 3512; x_wconf 83' lang='lat' dir='ltr'>ethnon</span> <span class='ocrx_word' id='word_1_234' title='bbox 1123 3432 1174 3514; x_wconf 84' lang='lat' dir='ltr'>est</span> 
     </span>
     <span class='ocr_line' id='line_1_31' title="bbox 109 3534 1175 3631; baseline -0.001 -17"><span class='ocrx_word' id='word_1_235' title='bbox 109 3534 399 3628; x_wconf 77' lang='lat' dir='ltr'>retraetandum,</span> <span class='ocrx_word' id='word_1_236' title='bbox 431 3535 528 3628; x_wconf 85' lang='lat' dir='ltr'>prius</span> <span class='ocrx_word' id='word_1_237' title='bbox 547 3536 640 3611; x_wconf 86' lang='lat' dir='ltr'>enim</span> <span class='ocrx_word' id='word_1_238' title='bbox 664 3548 761 3631; x_wconf 85' lang='lat' dir='ltr'>erat,</span> <span class='ocrx_word' id='word_1_239' title='bbox 787 3551 829 3611; x_wconf 86' lang='lat' dir='ltr'>ut</span> <span class='ocrx_word' id='word_1_240' title='bbox 849 3562 926 3615; x_wconf 88' lang='lat' dir='ltr'>eam</span> <span class='ocrx_word' id='word_1_241' title='bbox 949 3536 1018 3613; x_wconf 80' lang='lat' dir='ltr'>elie</span> <span class='ocrx_word' id='word_1_242' title='bbox 1038 3538 1175 3613; x_wconf 80' lang='lat' dir='ltr'>consta·</span> 
     </span>
     <span class='ocr_line' id='line_1_32' title="bbox 111 3634 1173 3732; baseline 0 -21"><span class='ocrx_word' id='word_1_243' title='bbox 111 3651 190 3714; x_wconf 88' lang='lat' dir='ltr'>ret:</span> <span class='ocrx_word' id='word_1_244' title='bbox 219 3650 339 3711; x_wconf 86' lang='lat' dir='ltr'>tamen</span> <span class='ocrx_word' id='word_1_245' title='bbox 356 3656 397 3708; x_wconf 89' lang='lat' dir='ltr'>ac</span> <span class='ocrx_word' id='word_1_246' title='bbox 415 3634 440 3709; x_wconf 85' lang='lat' dir='ltr'>h</span> <span class='ocrx_word' id='word_1_247' title='bbox 459 3634 678 3732; x_wconf 85' lang='lat' dir='ltr'>constiterit,</span> <span class='ocrx_word' id='word_1_248' title='bbox 704 3634 965 3731; x_wconf 87' lang='lat' dir='ltr'>persequendus</span> <span class='ocrx_word' id='word_1_249' title='bbox 988 3636 1037 3713; x_wconf 91' lang='lat' dir='ltr'>est</span> <span class='ocrx_word' id='word_1_250' title='bbox 1063 3637 1173 3732; x_wconf 82' lang='lat' dir='ltr'>ordo,</span> 
     </span>
     <span class='ocr_line' id='line_1_33' title="bbox 112 3734 1174 3833; baseline 0.004 -24"><span class='ocrx_word' id='word_1_251' title='bbox 112 3757 188 3831; x_wconf 84' lang='lat' dir='ltr'>quo</span> <span class='ocrx_word' id='word_1_252' title='bbox 208 3737 316 3833; x_wconf 87' lang='lat' dir='ltr'>magis</span> <span class='ocrx_word' id='word_1_253' title='bbox 336 3756 413 3809; x_wconf 87' lang='lat' dir='ltr'>eam</span> <span class='ocrx_word' id='word_1_254' title='bbox 433 3752 509 3809; x_wconf 90' lang='lat' dir='ltr'>non</span> <span class='ocrx_word' id='word_1_255' title='bbox 528 3734 596 3811; x_wconf 86' lang='lat' dir='ltr'>elle</span> <span class='ocrx_word' id='word_1_256' title='bbox 615 3736 775 3831; x_wconf 83' lang='lat' dir='ltr'>constet,</span> <span class='ocrx_word' id='word_1_257' title='bbox 810 3742 910 3831; x_wconf 86' lang='lat' dir='ltr'>cujus</span> <span class='ocrx_word' id='word_1_258' title='bbox 929 3759 997 3813; x_wconf 88' lang='lat' dir='ltr'>nec</span> <span class='ocrx_word' id='word_1_259' title='bbox 1017 3738 1174 3829; x_wconf 73' lang='lat' dir='ltr'>reliquus</span> 
     </span>
     <span class='ocr_line' id='line_1_34' title="bbox 110 3832 1176 3933; baseline 0.003 -23"><span class='ocrx_word' id='word_1_260' title='bbox 110 3834 221 3910; x_wconf 77' lang='lat' dir='ltr'>statut</span> <span class='ocrx_word' id='word_1_261' title='bbox 236 3834 420 3927; x_wconf 82' lang='lat' dir='ltr'>consistat,</span> <span class='ocrx_word' id='word_1_262' title='bbox 447 3836 545 3911; x_wconf 81' lang='lat' dir='ltr'>simul</span> <span class='ocrx_word' id='word_1_263' title='bbox 563 3852 605 3909; x_wconf 79' lang='lat' dir='ltr'>tit</span> <span class='ocrx_word' id='word_1_264' title='bbox 621 3838 896 3913; x_wconf 85' lang='lat' dir='ltr'>contrarietates</span> <span class='ocrx_word' id='word_1_265' title='bbox 915 3832 989 3912; x_wconf 67' lang='lat' dir='ltr'>siras</span> <span class='ocrx_word' id='word_1_266' title='bbox 1006 3834 1176 3933; x_wconf 80' lang='lat' dir='ltr'>agnoscat</span> 
     </span>
     <span class='ocr_line' id='line_1_35' title="bbox 110 3930 1179 4031; baseline 0.001 -19"><span class='ocrx_word' id='word_1_267' title='bbox 110 3930 380 4031; x_wconf 85' lang='lat' dir='ltr'>Hermogenes:</span> <span class='ocrx_word' id='word_1_268' title='bbox 400 3936 528 4031; x_wconf 85' lang='lat' dir='ltr'>Prima,</span> <span class='ocrx_word' id='word_1_269' title='bbox 537 3934 652 4028; x_wconf 87' lang='lat' dir='ltr'>inquit</span> <span class='ocrx_word' id='word_1_270' title='bbox 671 3934 763 4011; x_wconf 88' lang='lat' dir='ltr'>facie</span> <span class='ocrx_word' id='word_1_271' title='bbox 776 3938 920 4013; x_wconf 87' lang='lat' dir='ltr'>videtur</span> <span class='ocrx_word' id='word_1_272' title='bbox 934 3938 1039 4010; x_wconf 89' lang='lat' dir='ltr'>nobis</span> <span class='ocrx_word' id='word_1_273' title='bbox 1056 3941 1179 4013; x_wconf 85' lang='lat' dir='ltr'>incor-</span> 
     </span>
    </p>
   </div>
   <div class='ocr_carea' id='block_1_3' title="bbox 95 4028 1176 4236">
    <p class='ocr_par' dir='ltr' id='par_1_4' title="bbox 95 4028 1176 4236">
     <span class='ocr_line' id='line_1_36' title="bbox 110 4028 1174 4148; baseline 0.005 -42"><span class='ocrx_word' id='word_1_274' title='bbox 110 4033 247 4148; x_wconf 78' lang='lat' dir='ltr'>poralis</span> <span class='ocrx_word' id='word_1_275' title='bbox 269 4028 337 4107; x_wconf 86' lang='lat' dir='ltr'>elie</span> <span class='ocrx_word' id='word_1_276' title='bbox 351 4038 508 4112; x_wconf 85' lang='lat' dir='ltr'>materia.</span> <span class='ocrx_word' id='word_1_277' title='bbox 563 4030 746 4127; x_wconf 79' lang='lat' dir='ltr'>Exquisita</span> <span class='ocrx_word' id='word_1_278' title='bbox 763 4052 880 4113; x_wconf 87' lang='lat' dir='ltr'>autem</span> <span class='ocrx_word' id='word_1_279' title='bbox 902 4037 1046 4110; x_wconf 86' lang='lat' dir='ltr'>ratione</span> <span class='ocrx_word' id='word_1_280' title='bbox 1064 4038 1174 4134; x_wconf 79' lang='lat' dir='ltr'>rocla,</span> 
     </span>
     <span class='ocr_line' id='line_1_37' title="bbox 95 4134 1176 4236; baseline 0.006 -29"><span class='ocrx_word' id='word_1_281' title='bbox 95 4144 325 4227; x_wconf 73' lang='lat' dir='ltr'>nitentur,</span> <span class='ocrx_word' id='word_1_282' title='bbox 359 4149 477 4227; x_wconf 85' lang='lat' dir='ltr'>neque</span> <span class='ocrx_word' id='word_1_283' title='bbox 509 4134 733 4236; x_wconf 82' lang='lat' dir='ltr'>corporalis,</span> <span class='ocrx_word' id='word_1_284' title='bbox 768 4158 887 4235; x_wconf 85' lang='lat' dir='ltr'>neque</span> <span class='ocrx_word' id='word_1_285' title='bbox 919 4136 1176 4232; x_wconf 68' lang='lat' dir='ltr'>incorporalis.</span> 
     </span>
    </p>
   </div>
   <div class='ocr_carea' id='block_1_4' title="bbox 1032 4242 1125 4337">
    <p class='ocr_par' dir='ltr' id='par_1_5' title="bbox 1032 4242 1125 4337">
     <span class='ocr_line' id='line_1_38' title="bbox 1032 4242 1125 4337; baseline 0 -27"><span class='ocrx_word' id='word_1_286' title='bbox 1032 4242 1125 4337; x_wconf 80' lang='lat' dir='ltr'>Quae</span> 
     </span>
    </p>
   </div>
   <div class='ocr_carea' id='block_1_5' title="bbox 0 0 1212 4590">
    <p class='ocr_par' dir='ltr' id='par_1_6' title="bbox 0 0 1212 4590">
     <span class='ocr_line' id='line_1_39' title="bbox 0 0 1212 4590; baseline 0 0"><span class='ocrx_word' id='word_1_287' title='bbox 0 0 1212 4590; x_wconf 95' lang='lat' dir='ltr'> </span> 
     </span>
    </p>
   </div>
  </div>
 </body>
</html>
