2468 4530
79 488 154 581 672
217 484 268 581 Q.
292 478 428 558 ster.
453 478 598 555 Ftou.
624 476 1006 555 Terruerunt

80 648 196 719 tribus
223 643 268 717 ed
291 645 449 733 tribum,
482 641 608 731 utique
632 638 733 731 quod
757 654 866 715 retro
892 662 973 715 non
996 658 1140 737 agnose·

80 748 156 819 rint
181 764 291 836 eum,
325 744 362 814 in
392 742 591 815 humilitate
624 738 854 813 conditionis
879 740 1046 815 humane
1069 760 1144 812 rou

81 844 274 933 stitutum,
311 840 686 956 'Hieremiesinquim
704 838 854 953 ’Homo
889 838 973 935 est,
1008 838 1043 913 dr
1077 840 1141 953 quir

83 938 561 1133 {iidss⁰ifin¹s¹¹‘ssi¹a²miii
582 939 1146 1129 {restituitis

84 1144 123 1217 in
153 1140 306 1233 persone
338 1139 470 1235 ipsius,
503 1138 578 1211 imo
603 1136 637 1207 δι
661 1136 699 1207 in
723 1136 832 1229 ipsius
860 1140 1029 1213 nominis
1053 1135 1146 1209 sacra·

84 1254 237 1331 mente,
271 1238 465 1312 verissimus
497 1235 661 1309 sacerdos
687 1236 826 1327 petris,
859 1236 1032 1335 Christus
1057 1236 1144 1330 ipsus

86 1339 221 1432 duplici
244 1338 369 1411 habitu
392 1338 430 1407 in
455 1336 547 1408 duos
573 1334 750 1407 adventus
774 1334 990 1413 delinietur.
1042 1336 1144 1411 Primo

86 1438 250 1513 sordibus
287 1437 431 1509 indutus
471 1433 550 1526 est,
591 1434 628 1506 id
669 1433 721 1507 est
758 1438 878 1509 cernis
922 1434 1143 1531 passibilis&

87 1536 250 1613 mortalis
276 1536 511 1629 indignitate3
541 1553 623 1605 cum
647 1532 681 1605 dr
706 1532 875 1606 diabolus
904 1538 1141 1611 adversamur

88 1640 150 1729 ei,
183 1649 290 1709 autor
318 1632 454 1707 scilicet
477 1633 577 1729 Judae
606 1632 817 1724 traditoris,
851 1637 918 1727 qui
947 1656 1033 1711 eum
1056 1636 1138 1709 etitu

88 1736 173 1834 post
197 1731 405 1828 baptismum
433 1746 648 1808 tentaverat.
714 1730 860 1805 Dehinc
888 1732 1068 1827 spoliatus
1090 1734 1138 1827 pri

89 1836 195 1913 trinas
217 1835 362 1925 sordes,
388 1846 584 1906 exornatus
609 1830 746 1924 podere
771 1831 806 1903 dt
830 1833 965 1929 mitra,
993 1836 1030 1909 u
1055 1830 1138 1919 cidru'

87 1934 243 2025 munde,
269 1935 304 2007 id
328 1932 379 2007 est
402 1930 546 2005 secundi
573 1930 769 2021 adventus,
803 1934 986 2023 quoniam
1012 1934 1137 2031 glorian

90 2036 331 2111 &honorem
357 2032 505 2123 adeptus
537 2028 810 2105 demonstratur.
867 2030 959 2105 Ne'c
993 2030 1143 2126 potentis·

6 2200 9 2207 .
91 2156 173 2207 eum
199 2133 330 2225 Joseph
356 2128 466 2202 filium
493 2129 638 2216 dicere,
666 2130 724 2219 qrii
750 2130 847 2202 nulle
874 2134 1036 2208 omnino
1061 2128 1137 2204 veste

90 2232 249 2322 sordida,
274 2230 332 2303 sed
357 2227 491 2318 semper
517 2226 726 2301 sacerdotali
751 2228 822 2301 fuit
841 2250 1068 2326 exornatus,
1086 2247 1137 2303 nec

89 2352 245 2422 unquam
282 2327 491 2400 sacerdotali
528 2348 677 2399 munere
708 2329 885 2420 privatus.
955 2332 1030 2406 Sed
1062 2328 1136 2427 Jesus

91 2430 157 2506 iste
182 2427 361 2520 Christus,
393 2425 464 2498 Dei
492 2428 600 2519 patris
627 2427 748 2501 summi
772 2426 971 2522 sacerdos,
1008 2434 1067 2525 qui
1088 2432 1136 2523 pri·

92 2553 156 2607 mo
188 2529 349 2604 adventu
379 2524 442 2598 suo
475 2527 625 2600 humana
656 2526 771 2599 forma
798 2526 833 2599 dc
861 2530 1034 2620 passibilis
1060 2530 1136 2603 veuit

92 2633 132 2706 in
157 2630 356 2705 humilitate
386 2647 499 2717 usque
532 2626 575 2698 ad
607 2624 822 2718 passionem,
854 2627 933 2719 ipse
967 2624 1136 2705 etiamsi·

93 2728 209 2808 setius
234 2727 366 2815 hostia,
392 2748 455 2819 per
482 2727 623 2817 omnia,
650 2745 717 2819 pro
744 2726 914 2799 omnibus
940 2732 1073 2819 nobis,
1095 2726 1138 2819 qui

91 2828 176 2925 post
199 2826 492 2900 resurrectionem
517 2822 610 2897 suem
636 2825 778 2897 indutus
808 2825 1016 2922 poderem,
1050 2824 1138 2901 sacer·

92 2930 161 3003 dos
193 2928 231 2999 in
262 2941 432 2998 {eternum
465 2925 534 2997 Dei
568 2924 677 3016 petris
710 2940 940 3017 nuncupatus
972 2921 1037 3001 est'.
1095 2926 1139 2998 Sic

93 3029 190 3103 enim
215 3024 250 3097 u
278 3025 430 3097 duorum
455 3024 662 3114 hircorum,
696 3025 754 3116 qui
780 3025 920 3116 iejunio
953 3026 1139 3101 offerebam

93 3118 176 3219 tur,
202 3124 684 3215 saciaminterpretationcm.
735 3122 873 3196 Nonne
896 3124 933 3197 dr
951 3126 1005 3198 illi
1023 3145 1138 3199 utrum·

95 3249 167 3319 que
194 3224 355 3297 ordinem
380 3223 533 3295 nominis
551 3219 699 3313 Christi,
726 3225 785 3313 qui
800 3224 871 3313 iam
892 3228 1019 3317 venit,
1045 3226 1139 3300 osten

94 3324 219 3402 dunt?
261 3345 361 3417 peres
403 3322 544 3414 quidem
586 3337 692 3411 atque
731 3322 964 3416 consimiles,
1006 3340 1138 3419 propter

95 3426 250 3503 ermdem
276 3424 410 3496 domini
435 3419 682 3513 conspectum,
707 3422 888 3512 quianon
916 3424 952 3495 in
979 3428 1050 3499 alia
1069 3444 1139 3496 ven·

96 3540 200 3600 tetrus
229 3523 280 3596 est
312 3523 451 3613 forma,
481 3534 523 3592 ut
556 3521 637 3611 quia
667 3518 836 3615 cognosci
867 3523 1001 3599 habet.
1039 3522 1139 3615 aqui·

94 3628 165 3701 bus
194 3623 230 3695 dc
262 3622 358 3696 laesus
392 3620 453 3695 est.
514 3620 618 3693 Unus
650 3636 768 3693 autem
801 3642 929 3694 eorum
961 3622 1141 3697 circumde-

94 3737 156 3799 tus
180 3724 362 3814 coccino,
395 3718 597 3796 maledidus
621 3719 656 3792 de
679 3716 899 3810 convulsus,
935 3721 970 3795 δι
994 3742 1140 3815 conpun-

96 3824 197 3912 uus,
222 3845 243 3895 a
267 3824 405 3916 populo
431 3834 531 3893 extra
558 3818 741 3892 civitatem
766 3819 1000 3909 abjiciebatur
1020 3825 1057 3897 in
1076 3840 1140 3915 per·

96 3922 299 4014 ditionem,
331 3918 520 3994 manifestis
546 3920 677 4010 notis,
710 3918 901 4017 insignibus
930 3919 1059 3996 Christi
1082 3914 1139 4015 prs·

95 4020 225 4116 fiunis,
252 4022 312 4115 qui
337 4022 509 4097 coccinea
533 4018 771 4097 circumdetur
797 4018 921 4118 veste,
946 4021 983 4096 dr
1007 4021 1139 4117 conspu

996 4136 1102 4217 tetus,
