2468 4530
77 612 144 708 'l’
234 604 287 707 Q.
312 602 451 683 Seru.
474 600 617 681 Ftoa.
641 600 1011 679 Turraniana

90 762 149 843 sto
170 762 308 841 -semel
326 766 488 841 lavimus.
524 761 718 839 ·Omnibuu
751 766 839 839 licet
860 766 1028 839 membris
1052 762 1158 845 lavel

92 866 261 959 quotidie
277 862 404 955 lsrael,
443 884 624 955 nunquam
641 878 761 937 tamen
784 864 936 939 mundus
954 862 1016 941 est„
1069 864 1156 941 Cer·

92 978 131 1040 te
154 984 283 1040 manua
301 966 376 1056 ejua
396 963 535 1057 semper
553 964 769 1055 immunda,
805 962 972 1059 sanguine
991 964 1157 1058 Prophe·

93 1062 369 1157 tarumdtipsrus
379 1060 530 1139 Domini
542 1076 737 1137 cruentata
749 1064 788 1137 in
799 1078 982 1139 eternum.
1008 1062 1154 1141 Etideo

93 1160 319 1237 conscientia
338 1175 476 1256 patrum
499 1163 710 1237 hereditarii
737 1164 788 1235 rei
804 1182 874 1235 nec
895 1164 1064 1237 attollere
1090 1184 1153 1237 eaa

93 1264 139 1347 ad
153 1262 342 1337 dominum
357 1260 511 1353 audent,
538 1282 587 1335 ne
602 1264 780 1336 exclamet
796 1263 921 1351 aliquis
936 1260 1076 1355 Esaiae,
1100 1282 1154 1337 ne

92 1361 290 1437 exhorreat
306 1359 475 1437 christun.
526 1360 610 1435 Nos
632 1381 725 1433 vero
747 1381 824 1433 non
849 1362 1046 1436 attollimur
1073 1374 1154 1437 tan·

91 1472 193 1553 tum,
226 1458 421 1533 sedetiam
447 1460 700 1554 expandimus.
727 1459 967 1534 &dominica
992 1458 1152 1555 paffioue

90 1558 345 1651 modulantes,
371 1558 405 1631 dr
425 1574 572 1633 oranter
588 1556 806 1635 confitemur
824 1556 976 1635 Christo.

170 1680 225 1735 ra.
253 1658 324 1734 Sed
344 1661 515 1750 quoniam
540 1678 652 1733 unum
668 1658 812 1750 aliquod
828 1661 1008 1753 attigimus
1025 1677 1152 1733 vacue

92 1756 379 1849 observationis,
404 1777 481 1831 non
493 1759 629 1854 pigebit
648 1774 770 1831 cetera
787 1777 932 1849 quoque
952 1758 1152 1851 denotare,

91 1860 221 1949 quibua
246 1858 378 1935 merito
403 1858 544 1930 vanitas
573 1858 823 1951 exprobranda
847 1854 918 1945 est;
954 1856 979 1931 st
1005 1858 1152 1950 quidem

89 1958 166 2035 srne
181 1957 291 2033 ulliae
310 1970 372 2031 aut
391 1956 576 2033 Dominici
597 1970 660 2029 aut
679 1952 881 2051 Apostolici
897 1958 1068 2051 precepti
1088 1976 1152 2029 au·

91 2054 260 2131 &oritate
283 2052 387 2134 fiunt.
439 2056 642 2148 huiusmodi
664 2059 758 2131 enim
779 2075 855 2129 non
876 2058 1062 2151 religioni,
1088 2052 1152 2129 sed

88 2154 331 2249 luperstitioni
356 2156 591 2249 deputantur,
627 2152 790 2229 affectata
806 2153 841 2226 dr
860 2152 1008 2248 coatia,
1033 2162 1069 2230 u
1086 2174 1153 2229 cu·

88 2255 171 2329 riofi
187 2256 311 2349 potiur
326 2275 429 2347 quam
446 2254 630 2327 rationalis
644 2252 766 2347 officii,
792 2266 891 2327 certe
910 2258 970 2327 vel
984 2276 1032 2328 eo
1046 2260 1151 2327 codr-

89 2355 229 2447 tenda,
254 2356 356 2445 quod
378 2355 570 2449 gentilibur
594 2355 793 2443 adaequent
844 2352 898 2425 Ut
917 2352 969 2427 est
986 2374 1153 2445 quorun.
1181 2392 1186 2401 -

88 2454 192 2533 dam,
216 2452 343 2547 positis
359 2454 500 2548 penulis
522 2455 727 2529 orationem
747 2452 884 2527 lacere:
911 2452 957 2526 fic
974 2456 1069 2529 enim
1087 2452 1151 2527 ad-

88 2565 180 2627 eunt
200 2550 245 2627 ad
265 2552 365 2625 idola
386 2552 565 2629 nationes.
616 2554 728 2651 Quod
751 2554 875 2644 utique
894 2553 917 2625 st
938 2548 1014 2625 lieri
1037 2574 1150 2646 opor·

86 2664 208 2746 teret,
233 2648 427 2745 Apostoli,
453 2653 513 2745 qui
527 2651 709 2727 dehabitu
725 2652 850 2727 orandi
865 2653 1023 2744 docent,
1049 2672 1151 2727 com·

86 2748 378 2847 prehendillent3
408 2750 493 2844 nili,
525 2750 631 2841 uqui
656 2765 785 2845 putant
809 2750 955 2829 Paulum
977 2753 1148 2846 penulam

87 2848 185 2927 suam
201 2852 240 2925 in
259 2852 431 2925 oratione
447 2872 561 2945 pener
575 2848 730 2945 Carpum
746 2850 932 2945 reliquilie.
967 2850 1068 2926 Deus
1081 2848 1151 2924 sci.

86 2950 176 3025 iicet
200 2967 278 3023 non
307 2949 426 3023 audiat
446 2953 660 3044 penulatoa3
685 2952 745 3038 qui
766 2966 838 3029 trec
857 2948 992 3023 sandius
1015 2952 1054 3023 in
1073 2948 1151 3023 for·

86 3066 179 3121 nace
205 3044 401 3139 Babylonii
423 3050 513 3143 regis
533 3060 679 3119 orantes
697 3068 779 3119 cum
803 3046 1021 3119 sarabaris&
1047 3050 1146 3123 tiaris

85 3145 157 3221 suia
182 3146 380 3223 exaudivit.
429 3145 521 3221 Item
554 3146 652 3238 quod
676 3144 851 3241 adsignata
876 3148 1044 3218 oratione
1075 3144 1148 3231 assi,-

87 3244 196 3321 dendi
217 3264 298 3317 mor
325 3244 376 3319 est
400 3244 631 3339 quibusdam,
654 3265 731 3318 non
750 3243 925 3339 perspicio
946 3244 1146 3335 rationema

87 3343 152 3419 nifi
170 3342 365 3419 liHerrnau
379 3346 466 3439 illc,
492 3348 592 3439 cujur
607 3343 777 3438 scriptura
793 3343 870 3419 sere
891 3341 1012 3417 Pastor
1026 3342 1147 3419 inscri-

85 3444 207 3536 bitur,
233 3440 406 3517 uansaoa
425 3447 594 3523 oratioue
607 3466 684 3519 non
698 3443 801 3537 super
816 3440 944 3518 lelium
962 3442 1145 3535 affediffet,

87 3564 216 3623 verunt
232 3541 329 3615 aliud
349 3543 433 3632 quid
450 3544 608 3637 fecillet,
631 3544 670 3619 id
689 3566 837 3637 quoque
856 3546 900 3617 ad
920 3544 1146 3617 observatio-

85 3659 172 3718 nem
190 3642 464 3719 vindicaremur.
517 3642 654 3737 Utique
666 3665 764 3732 nona
789 3642 1147 3737 simpliciterenim&

84 3739 1148 3917 llillf’dlilzsilmdlllliminiiilililli

84 3940 207 4035 plinu.
226 3886 240 3929 ’
257 3936 434 4033 Alioquin
451 3960 626 4034 nusquam
647 3943 717 4015 erit
731 3894 975 4033 adorandum,
1000 3938 1062 4013 nisi
1081 3941 1145 4017 ubi

85 4038 198 4115 fuerit
214 4034 340 4113 lelius.
388 4036 468 4115 Imo
483 4054 612 4114 contra
628 4039 837 4135 scripturam
853 4040 1008 4133 iecerit,
1025 4040 1049 4113 sr
1064 4042 1143 4131 qiua

83 4140 126 4213 in
145 4136 330 4227 cathedra,
348 4151 411 4211 aut
425 4138 590 4216 subsellio
603 4139 743 4219 sederit.
766 4138 882 4215 Porro
896 4160 978 4215 cum
993 4140 1144 4233 perinde

85 4236 221 4317 faciam
234 4234 430 4345 Manca,
454 4238 612 4325 adoratio
625 4240 831 4339 sigillatione
846 4238 1143 4411 ffiarefidendlo.

158 4404 166 4417 .
1033 4360 1081 4414 ve
