2400 4590
115 563 164 639 72
261 542 309 641 Q.
333 536 469 615 Sera.
491 534 630 614 stoa.
653 533 1013 616 Tnnrutrrnrtr

113 715 220 800 parte
238 702 452 795 delinquam
486 714 548 773 aut
570 700 608 773 in
631 698 849 775 conscientia
862 700 989 785 ,mariti
1014 696 1106 774 salit
1125 698 1195 773 uta

114 803 255 901 patiens
270 803 307 875 in
320 799 621 875 candidationem
634 800 709 892 tui,
724 800 806 874 dum
821 802 955 873 vitatur
967 800 1168 894 impatiens.
1187 841 1191 847 -

116 904 251 989 Nolite,
283 902 419 993 inquit,
446 906 619 992 margarita
635 902 739 995 uestra
755 906 855 995 parcis
866 900 1008 997 jussere,
1042 926 1081 969 aa
1098 920 1192 967 cnm·

115 1004 239 1097 calcent
259 1027 314 1085 ea,
339 1002 377 1077 U
393 1002 530 1096 aaauufi
545 1024 601 1069 var
620 1024 736 1095 qunque
756 1018 917 1071 evertant.
974 1000 1174 1094 Margarita

115 1100 235 1177 vestra
246 1099 326 1173 sunt
342 1100 538 1173 cottidiana
553 1100 836 1171 conversationis
851 1100 1016 1195 insignia,
1032 1098 1174 1190 quanto

117 1200 359 1275 cannenses
376 1200 582 1290 occultare,
605 1212 710 1271 tanto
727 1198 936 1291 suspedtiora
956 1198 1109 1291 seceris,
1137 1198 1176 1271 δι

116 1300 227 1394 magis
260 1300 420 1373 cavenda
451 1298 573 1394 gentili
600 1299 804 1373 curiositati.
881 1300 1074 1371 Latebisne
1107 1310 1176 1391 tu,

117 1420 201 1473 cum
217 1396 403 1489 leuatam,
429 1418 509 1470 cunr
525 1396 774 1489 corpusculum
786 1412 905 1491 tuum,
930 1398 1064 1493 signas,
1091 1418 1176 1471 cum

117 1498 249 1590 aliquid
273 1496 489 1572 immundum
508 1496 597 1569 flatu
620 1500 769 1592 expuis,
795 1517 874 1571 cum
899 1499 1005 1570 etiam
1025 1516 1090 1592 per
1110 1518 1193 1569 no·¹

118 1596 210 1671 stem
234 1596 375 1693 exurgis
399 1610 562 1688 oratum,
589 1594 624 1669 u
647 1618 724 1670 non
747 1600 869 1693 magia
891 1597 1021 1688 aliquid
1041 1596 1196 1669 videris·

118 1695 289 1789 operaris
313 1718 389 1769 non
408 1694 495 1769 sciet
506 1698 652 1769 maritus
672 1695 757 1789 quid
777 1693 914 1771 secreto
930 1712 1012 1769 ante
1026 1715 1177 1773 ,omnem

119 1798 240 1869 mbram
253 1794 391 1891 gustes,
417 1796 654 1871 &asciverit
673 1818 821 1889 panem,
846 1818 922 1869 non
942 1797 1040 1868 illurn
1060 1794 1195 1869 credit·

118 1894 191 1969 elle
215 1898 274 1986 qui
299 1894 450 1987 dicitur,
485 1896 612 1967 &hac
632 1896 799 1991 ignorans
823 1898 971 1989 quisque
994 1895 1175 1969 rationem

117 1994 323 2088 snnplicitcr
338 1992 539 2086 sustinebit,
560 1994 632 2069 sine
648 1996 802 2091 gemitu,
820 1994 893 2069 stne
905 1993 1102 2088 suspicione
1117 2016 1179 2087 pa·

117 2096 175 2167 nis
198 2114 242 2165 an
263 2092 425 2167 veneni?
449 2092 629 2165 Sustinent
650 2096 814 2187 quidem,
838 2094 897 2167 sed
916 2108 958 2165 ut
977 2094 1175 2187 inculcent,

118 2206 163 2264 ut
188 2192 350 2265 inludant
373 2193 575 2284 hujusmodi
601 2192 766 2287 seminis,
808 2214 953 2285 quarum
978 2214 1107 2267 arcana
1131 2192 1176 2265 in

117 2290 319 2387 periculum
341 2290 439 2383 quod
461 2292 614 2365 credunt
637 2290 805 2385 servent,
830 2292 971 2367 srforte
988 2292 1175 2385 ludantur,

117 2390 183 2483 ipsr
207 2388 398 2483 sustinent,
423 2411 569 2482 quarum
594 2390 721 2483 dotes,
749 2392 989 2483 objeslionem
1006 2392 1177 2485 nominis,

118 2489 321 2565 mercedem
337 2489 463 2565 silentii
477 2490 631 2585 faciant,
657 2490 791 2567 scilicet
810 2493 901 2585 apud
919 2494 1090 2567 arbitrum
1103 2490 1178 2587 spe·

119 2592 321 2663 calatonem
338 2590 519 2685 litigaturi.
572 2592 683 2690 Quod
699 2593 876 2684 pleraque
890 2612 966 2665 non
983 2590 1177 2685 providen-

119 2698 178 2761 tes
197 2704 314 2761 autre
330 2692 555 2781 excruciata,
576 2704 638 2763 aut
653 2688 724 2765 fide
737 2694 878 2785 perdita
890 2690 1155 2767 recensuerunt.

194 2792 229 2862 6.
256 2788 425 2862 Moratur
447 2789 518 2861 Dei
539 2791 664 2863 ancilla
690 2814 770 2863 cunr
795 2793 944 2865 Laribus
973 2792 1116 2881 alienis,
1143 2788 1178 2865 ὰ

119 2886 321 2959 interillos
345 2888 509 2959 omnibus
533 2890 735 2961 honoribus
752 2890 984 2982 daemonium,
1010 2890 1176 2963 omnibus

119 2982 327 3057 solennibus
342 3004 483 3079 regum,
503 2988 695 3078 incipiente
708 3010 823 3079 anno,
840 2989 1032 3081 incipiente
1044 2988 1177 3083 mense,

118 3082 250 3157 nidore
268 3084 380 3155 thuris
400 3085 599 3178 agitabitur.
657 3084 706 3159 Et
726 3088 892 3181 procedit
915 3089 960 3161 de
979 3090 1086 3181 janua
1104 3091 1176 3162 lau·

119 3195 221 3257 reata
238 3182 272 3255 dc
289 3182 497 3275 lucernata,
522 3196 566 3256 ut
583 3185 627 3259 de
643 3207 748 3259 novo
766 3186 977 3261 consistorio
993 3190 1178 3265 libidinum

119 3282 359 3378 publicarum:
384 3281 570 3356 discumbit
581 3307 661 3360 curn
673 3286 803 3361 marito
818 3289 854 3360 in
868 3286 1061 3379 sodalitiis,
1087 3288 1177 3381 saepe

119 3384 159 3455 in
174 3381 366 3475 opinionis.
404 3379 455 3453 Et
465 3384 673 3458 ministrabit
683 3406 940 3478 nonnturquam
955 3388 1104 3480 iniquis,
1125 3388 1180 3461 so·

118 3482 184 3555 lita
202 3478 381 3573 quondam
400 3478 522 3555 sanslis
544 3484 758 3558 ministrare:
796 3486 830 3557 u
853 3508 929 3559 non
951 3488 1035 3559 hinc
1054 3488 1186 3585 praeiu·¹

120 3579 253 3654 dicium
268 3579 503 3653 damnationis
519 3580 586 3655 suae
601 3583 862 3679 adcognoscet:
889 3608 954 3659 eos
972 3584 1199 3661 observabit'

121 3699 215 3772 quos
239 3696 317 3753 erat
338 3678 555 3773 judicatura:
588 3684 687 3775 cujus
705 3706 846 3759 manum
860 3686 1095 3759 desiderabitl
1134 3684 1182 3759 dc

120 3778 224 3868 quus
253 3782 390 3871 poculo
412 3779 664 3877 participabit?
700 3785 799 3954 quid
825 3787 971 3859 maritus
1002 3784 1081 3858 suus
1113 3786 1181 3879 illi,

119 3876 184 3949 vel
208 3881 337 3951 marito
360 3879 444 3971 quid
468 3878 527 3951 illa
549 3883 707 3955 cantabit
767 3884 903 3959 Audiat
928 3885 1031 3976 sane,
1060 3886 1183 3957 audiat

122 3974 252 4066 aliquid
275 3977 468 4072 arescens,
500 3980 544 4052 de
563 3983 733 4071 tabem,
768 3985 812 4057 de
836 4006 969 4079 gamem
1006 4008 1083 4075 quae
1108 3985 1182 4058 Dci

121 4072 286 4153 mentio?
310 4096 389 4167 qua
399 4078 526 4152 Christi
540 4080 756 4155 invocatio?
780 4084 842 4155 ubi
858 4084 1019 4159 fomenta
1036 4082 1120 4157 fidei
1136 4085 1184 4159 de

121 4172 374 4271 scripturarum
391 4176 668 4257 interlettiones
692 4182 756 4257 ubi
774 4180 913 4281 spiritus
928 4182 1181 4357 refrigerium?

1069 4304 1132 4357 ur
