2468 4530
114 490 190 565 622
272 482 323 585 Q.
346 478 486 557 sarr.
510 472 1025 587 From'l'narutratrr

117 644 348 735 examinant,
382 664 428 717 ne
458 641 642 736 scalptus,
679 654 777 715 neve
808 638 934 733 rasus,
972 662 1022 715 ne
1050 636 1176 717 adulter

119 749 245 821 etiamr
269 744 454 817 dominun
469 743 668 837 credimus,
692 741 918 839 poenitentia
930 742 1178 833 probation

117 845 219 942 prius
236 844 347 933 inire,
372 856 507 916 tantam
524 842 631 915 nobis
647 840 849 915 mercedem
866 841 1039 933 perennis
1058 838 1179 916 scilicet

120 946 209 1017 vitae
222 940 497 1015 concessurum?
523 940 592 1015 Sed
607 939 809 1014 differamus
824 938 1004 1033 tantisper
1019 942 1180 1035 poeniten·

121 1044 182 1117 tia
209 1042 410 1115 veritatem.
470 1039 579 1113 Tunc
617 1040 750 1133 opinor
777 1040 997 1113 emendatos
1028 1040 1181 1134 liquebit,

124 1162 206 1217 cum
229 1138 460 1215 absolvimur.
510 1139 625 1213 Nullo
645 1138 762 1233 padio,
813 1137 886 1211 Sed
909 1160 997 1212 cum
1012 1140 1213 1235 pendente¹

121 1241 258 1333 venia,
291 1260 395 1332 poena
418 1238 662 1333 prospicitur,
696 1260 778 1312 cum
804 1238 922 1311 adhuc
950 1239 1101 1313 liberari
1118 1260 1180 1315 non
1210 1248 1213 1253 '

121 1359 322 1430 meremur,
348 1354 390 1409 ut
411 1340 576 1431 possimus
597 1342 746 1429 mereri,
772 1359 855 1411 cum
872 1336 979 1411 Deus
1002 1342 1180 1415 commina

123 1452 213 1530 tur,
243 1459 322 1511 non
347 1458 426 1510 cum
449 1436 611 1534 ignoscit.
674 1440 766 1537 Quis
793 1434 890 1510 enim
913 1438 1069 1533 servus,
1101 1438 1180 1537 post·

123 1558 230 1631 quam
252 1538 419 1611 libertate
440 1552 596 1613 mutatus
617 1534 695 1629 est,
731 1536 827 1609 furta
855 1532 916 1609 sua
939 1536 979 1611 dr
1003 1536 1108 1637 sugas
1130 1536 1180 1613 sibi

122 1635 306 1734 imputati
344 1637 434 1736 Quis
458 1638 560 1711 miles
583 1636 767 1731 postquam
792 1632 915 1709 castris
940 1634 1015 1711 suis
1041 1636 1179 1729 emme,

123 1754 195 1831 pro
214 1736 312 1809 notis
336 1733 404 1808 suis
427 1734 577 1835 satagit?
602 1738 778 1809 Peccator
792 1746 878 1809 ante
892 1737 1043 1811 veniam
1064 1738 1180 1813 deflere

124 1834 161 1911 se
177 1836 305 1909 debete
330 1835 412 1926 quia
424 1850 565 1929 tempus
578 1836 817 1930 punitentia,
837 1834 876 1909 id
889 1832 968 1928 est,
992 1838 1096 1929 quod
1106 1838 1180 1933 peri

125 1936 197 2009 culi
219 1935 255 2008 u
277 1934 427 2009 timoris.
485 1934 618 2027 Neque
638 1957 707 2031 ego
729 1953 843 2007 tenuo
871 1932 1043 2011 divinum
1061 1932 1180 2013 benefi-

124 2037 241 2126 cium,
265 2033 387 2125 idest,
415 2034 649 2108 abolitionem
673 2032 884 2107 delictorum
900 2034 1052 2109 inituris
1072 2054 1182 2131 aquam

123 2133 337 2207 omnimodo
356 2131 488 2203 salvum
511 2131 598 2205 else:
626 2132 684 2206 sed
703 2148 742 2205 ut
762 2153 809 2204 eo
831 2138 1035 2226 pervenire
1056 2138 1183 2211 contin·

123 2246 203 2327 gat,
224 2230 481 2302 elaborandum
495 2230 555 2306 est.
605 2233 696 2333 Quis
711 2236 805 2304 enim
817 2233 882 2305 tibi
900 2246 976 2307 tarn
989 2232 1181 2331 infidaepe·

121 2330 282 2405 nitentiae
296 2329 399 2419 viro,
422 2328 639 2428 asperginem
652 2353 757 2404 unam
773 2331 968 2426 cujuslibet
983 2357 1088 2427 aquae
1101 2356 1171 2409 con

122 2426 311 2505 modabit‘i
345 2428 444 2501 furto
464 2430 608 2523 quidem
632 2430 799 2529 aggredi,
825 2430 861 2504 dr
877 2436 1117 2527 praepositum
1131 2438 1180 2510 hu·

120 2533 179 2627 jus
193 2531 245 2604 rei
260 2527 579 2605 asseverationibus
591 2533 661 2605 tuis
676 2530 893 2604 circumduci
903 2528 1016 2606 facile
1031 2536 1096 2613 est.
1127 2530 1182 2609 su

59 2694 62 2699 .
124 2630 228 2705 Deus
242 2624 409 2704 thesauro
429 2628 492 2703 suo
515 2633 707 2725 providet,
741 2650 811 2703 nec
832 2630 913 2704 smit
936 2637 1124 2729 obrepere
1143 2636 1183 2707 in·

124 2730 266 2827 dignos.
317 2729 415 2830 Quid
435 2730 588 2824 denique
603 2730 678 2804 ait?
706 2731 809 2804 Nihil
822 2732 1000 2819 occultum,
1027 2740 1111 2832 qued
1128 2756 1183 2805 nm

124 2830 329 2903 revelabitur.
387 2831 703 2930 Quantascumque
726 2828 894 2903 tenebras
919 2826 1026 2907 fastis
1052 2838 1124 2909 tuis
1141 2832 1183 2907 su

122 2926 388 3024 perstruxeris,
420 2928 521 3003 Deus
545 2928 666 3005 lumen
690 2928 751 3005 est.
815 2925 975 3028 Quidam
1001 2946 1126 3009 autem
1143 2932 1182 3007 ire

124 3026 342 3122 opinantur,
372 3030 464 3119 quasr
479 3029 581 3103 Deus
599 3028 738 3103 necesse
753 3026 884 3103 habeat
900 3030 1074 3123 praestare
1090 3033 1184 3107 etiam

123 3124 303 3223 indignis,
338 3128 437 3217 quod
458 3127 670 3224 spopondit:
704 3129 1015 3205 &liberalitatem
1042 3136 1121 3225 ejus
1142 3132 1183 3207 sa·

125 3228 228 3299 ciunt
248 3220 469 3301 servitutem.
522 3229 635 3328 Quod
654 3228 899 3303 sineeeilrtate
919 3233 1033 3304 nobis
1053 3232 1182 3325 symbo-

123 3324 201 3399 lum
215 3326 343 3399 mortis
360 3326 547 3422 indulget,
582 3344 670 3425 ergo
690 3326 825 3401 invitus
846 3325 955 3402 facite
990 3333 1074 3423 quis
1100 3334 1182 3407 enin

122 3423 303 3517 permittit
324 3424 589 3518 permansurum
610 3429 671 3521 id,
708 3424 807 3520 quod
830 3427 1001 3503 tribuerit
1028 3429 1183 3523 invitusl

123 3522 217 3597 Non
235 3525 329 3597 enim
347 3528 450 3599 multi
472 3526 596 3620 postea
614 3520 812 3601 excidunt?
843 3544 921 3599 non
942 3550 964 3601 a
986 3534 1112 3607 multis
1129 3532 1181 3608 do·

123 3638 210 3697 num
227 3620 316 3697 illud
333 3622 517 3699 aufertur?
548 3624 597 3701 Hi
619 3626 699 3699 sunt
724 3627 881 3719 scilicet,
908 3626 969 3719 qui
991 3631 1180 3727 obrepunt,

123 3722 184 3814 qui
205 3724 424 3815 penitentie
442 3722 549 3801 fidem
569 3724 740 3825 aggrelli,
776 3725 879 3819 super
899 3747 1024 3802 arenas
1044 3732 1181 3807 domun

120 3820 296 3897 ruituram
310 3826 505 3900 collocant.
558 3826 681 3900 Nemo
697 3822 872 3925 ergofibi
894 3828 1084 3924 aduletur,
1111 3832 1180 3925 quia

118 3916 218 3998 inter
237 3922 441 3998 auditorum
463 3924 633 3999 tirocinia
653 3922 867 4021 deputatur,
895 3930 992 4019 quali
1012 3952 1060 4005 eo
1084 3933 1180 4007 etiam

115 4044 223 4106 nunc
238 4026 308 4107 fibi
324 4024 540 4122 delinquere
551 4024 679 4099 liceat.
716 4024 921 4099 uomitum
930 4028 1034 4104 simul
1052 4046 1179 4129 cogno

110 4132 244 4239 veris,
264 4130 429 4213 tineam
452 4121 1011 4218 lmdiuinfflsffifflu
1029 4124 1188 4293 Ἣ
