2468 4530
117 502 191 583 590
256 480 307 582 Q.
330 472 467 555 surr.
491 470 638 563 Fron.
661 424 1043 555 Terrottraur

192 650 252 732 48.
277 640 346 715 Sed
364 660 473 734 caro,
498 638 638 737 inquis,
663 634 849 735 &sanguis
866 654 1018 737 regnum
1034 636 1184 719 Derto-

119 742 272 819 reditate
290 740 465 835 possidere
485 760 563 813 non
582 736 738 831 pod'unt.
790 739 929 813 scimus
951 742 1028 815 hoc
1040 760 1184 837 quoque

119 842 304 935 scripturn,
314 840 359 913 de
368 838 425 911 sed
437 838 606 912 industria
621 836 813 911 distulimus
823 840 1031 932 hucusque,
1040 858 1083 914 ut
1093 840 1185 935 quod

121 938 311 1016 adversarii
330 941 367 1012 in
388 940 499 1034 prima
518 938 632 1011 statim
654 939 730 1011 acie
753 936 972 1027 obstruunt,
1008 944 1048 1015 in
1068 946 1184 1018 ultima

120 1038 369 1137 congrellione
388 1036 711 1131 prostemeremus,
743 1036 913 1111 omnibus
930 1040 1183 1131 questionibus

122 1140 217 1233 quast
236 1138 373 1212 auxiliis
393 1139 469 1230 ejus
493 1151 577 1210 ante
601 1134 755 1230 dejesiis.
810 1136 881 1209 Sed
906 1138 941 1211 dt
963 1156 1068 1214 nunc
1086 1166 1184 1235 expe

121 1253 202 1313 tent
220 1236 461 1330 praecedentia
481 1235 721 1333 recognosci,
753 1246 797 1307 ut
820 1236 854 1307 dr
876 1237 963 1309 huic
991 1238 1108 1315 sensui
1132 1244 1182 1315 sua

123 1339 231 1433 origo
251 1335 469 1427 prejudicet.
520 1334 574 1407 Ut
593 1338 725 1431 opinor
743 1334 944 1427 Apostolus
962 1334 1132 1433 disposrta
1147 1342 1183 1417 ad

123 1434 335 1509 Corinthios
356 1437 454 1507 omni
475 1430 698 1508 diffinuione
718 1434 962 1509 ecclesiasticae
984 1438 1183 1539 discipline,

109 1534 291 1610 summanr
310 1534 344 1606 dt
364 1526 414 1606 sui
438 1528 473 1605 dr
493 1534 670 1631 evangelii
694 1534 727 1606 dr
747 1526 829 1605 fidei
850 1535 997 1611 illorum
1021 1540 1064 1615 in
1082 1542 1182 1615 dorii·

123 1635 213 1708 nice
232 1632 361 1705 mortis
379 1633 414 1705 dr
430 1624 698 1707 resurresiionis
715 1629 993 1709 demandatione
1009 1638 1183 1715 concluse·

124 1750 197 1807 rat:
222 1745 264 1805 ut
286 1731 467 1805 &nostre
487 1726 558 1827 spei
578 1736 734 1831 regulam
750 1728 833 1805 inde
853 1734 1081 1833 deduceret,
1098 1740 1184 1815 unde

126 1828 318 1906 constaret.
368 1830 494 1923 ltaque
512 1830 668 1926 subjicit:
694 1830 764 1925 „Si
783 1846 902 1905 autern
917 1830 1087 1914 Christus
1105 1860 1182 1935 pre·

126 1932 283 2025 dicatur,
310 1931 606 2023 quodamortuis
621 1928 875 2025 resurrexerit,
904 1934 1102 2025 quomodo
1120 1940 1184 2033 qui·

126 2030 207 2105 dam
222 2030 346 2103 dicunt
360 2032 397 2101 in
411 2031 540 2125 robis,
560 2028 849 2104 resurrectionem
862 2048 1102 2113 mortuorum
1117 2060 1185 2115 non

127 2128 221 2203 elle?
235 2150 311 2219 quae
322 2129 345 2201 li
357 2150 431 2199 non
443 2129 505 2220 est,
514 2150 583 2201 nec
591 2128 749 2203 Christus
760 2129 964 2207 resurrexit.
984 2137 1185 2217 sicherio

127 2248 202 2301 non
214 2224 457 2315 resurrexerit,
468 2228 858 2322 inanisestpraedicatio
869 2233 1006 2327 nostra,
1016 2242 1188 2317 vacuaell

127 2318 265 2399 &fides
284 2324 417 2398 vestra:
442 2329 666 2401 inveniemur
682 2332 775 2402 enim
796 2330 867 2402 falsi
887 2332 997 2407 testes
1017 2338 1112 2431 Dei,
1136 2342 1187 2435 qui

125 2424 366 2500 testimonium
388 2420 578 2503 dixerimus
599 2428 697 2519 quod
707 2426 976 2504 resuscitaverit
998 2436 1186 2535 Christum,

128 2540 234 2619 quem
252 2546 329 2598 non
344 2523 575 2602 resuscitavit.
601 2528 731 2602 Namsr
747 2533 880 2602 mortui
895 2548 971 2604 non
986 2537 1186 2639 resurgunt,

127 2642 198 2701 nec
218 2618 375 2699 Christus
395 2625 596 2703 resurrexit.
659 2628 695 2701 Sl
710 2626 866 2702 Christus
885 2648 962 2703 non
983 2637 1188 2733 resument,

126 2741 223 2799 vana
247 2725 298 2797 est
317 2720 405 2797 fides
427 2722 565 2819 vestra,
599 2726 680 2819 quir
706 2726 820 2800 adhuc
843 2733 879 2801 in
902 2728 1043 2808 delisiis
1069 2742 1189 2815 vellrir

127 2824 220 2898 estis.
270 2820 321 2893 Et
345 2825 406 2916 qui
431 2822 469 2897 in
494 2822 635 2899 Christo
665 2823 910 2922 dormierunt,
947 2822 1189 2935 perierunt„

127 2924 196 2997 Per
215 2920 292 2995 haec
311 2925 368 2994 cui
390 2940 459 2997 nos
479 2922 530 2996 rei
549 2922 733 2999 credendes
751 2922 895 3000 videtur
912 2940 1118 3013 extruere?
1143 2962 1190 3013 re·

126 3018 348 3111 surredlioni,
367 3020 497 3115 inquis,
513 3036 739 3099 mortuorum
754 3046 831 3118 quae
842 3028 1057 3124 negabatur.
1086 3040 1189 3113 Certe

125 3120 189 3196 sub
217 3122 384 3213 exemplo
408 3122 596 3197 dominice
620 3122 915 3220 resurreilionis,
953 3138 1094 3211 uolens
1119 3160 1189 3213 erm

128 3214 236 3296 credi.
289 3220 419 3313 Certe,
445 3218 572 3314 inquis.
621 3218 833 3318 Exemplum
849 3246 963 3319 porro
984 3256 1033 3305 ex
1050 3238 1190 3313 diuersi·

126 3330 202 3394 tate
216 3338 259 3393 an
273 3336 318 3395 ex
336 3320 512 3415 parilitate
526 3320 783 3418 componitur?
809 3330 955 3419 utique,
982 3334 1128 3427 inquis,
1149 3356 1189 3411 en

125 3422 314 3518 parilitate.
374 3418 575 3523 Quomodo
591 3438 710 3497 autem
731 3422 887 3499 Christus
902 3430 1134 3511 resurrexit?
1157 3438 1190 3513 in

127 3538 255 3615 carne,
281 3536 327 3593 an
344 3520 445 3595 noni
476 3524 548 3596 sine
566 3524 676 3596 dubio
695 3524 719 3597 si
737 3540 940 3617 mortuum,
969 3531 992 3602 fi
1016 3528 1188 3629 sepultum

126 3619 224 3694 audis
248 3614 440 3700 secundum
460 3616 668 3716 scripturas,
695 3642 770 3697 nnn
786 3624 868 3698 alias
889 3642 994 3718 quam
1014 3635 1054 3707 in
1071 3656 1188 3731 earne,

125 3734 225 3811 reque
246 3712 488 3793 resuscitatum
507 3722 544 3793 in
570 3739 676 3797 carne
702 3722 881 3800 concedit.
939 3726 1062 3821 Ipsum
1085 3740 1190 3829 enim,

127 3815 225 3910 quod
241 3816 419 3892 ceciditin
434 3831 575 3915 morte,
599 3816 698 3913 quod
710 3822 823 3915 jacuit
835 3822 871 3898 in
887 3815 1094 3928 sepultura,
1119 3836 1189 3913 hoc

125 3910 391 4013 &resurrexit,
418 3935 495 3993 non
517 3933 591 3995 tam
606 3916 764 3997 Christus
782 3918 819 3997 in
841 3940 949 4000 earne
973 3952 1085 4021 uuam
1110 3938 1190 4009 caro

124 4014 162 4091 llr
176 4016 328 4093 Christo,
367 4012 516 4115 Igitutfi
531 4017 574 4095 nd
589 4026 790 4114 exemplum
806 4017 934 4098 Christi
951 4032 1161 4132 resurgemrr

122 4120 182 4212 qui
199 4110 445 4197 resurrexitin
458 4136 586 4218 carne,
607 4115 770 4216 jamnon
783 4125 827 4200 ad
840 4133 1052 4225 exemplum
1066 4054 1190 4211 Chiris
1222 4154 1224 4173 ²

1029 4230 1140 4309 resur·
