2468 4530
117 480 192 557 550
278 458 328 559 Q.
353 454 489 529 Srrr.
514 450 655 527 Fron.
679 446 1052 525 Tenruurrarrr

119 618 303 721 prolicere
324 615 487 689 debebit:
520 614 605 687 utsr
629 634 696 703 qua
715 631 794 707 pars
820 608 964 684 diversa
987 608 1175 683 turbatob·

121 736 227 795 tentu
252 716 441 813 figurarum
460 714 494 787 &
510 714 757 807 aenigmatum,
782 708 1029 783 manifestiora
1045 730 1176 801 quaque

119 820 361 917 pr¹evaleant3
379 814 412 887 dr
427 814 471 885 de
484 812 632 885 incertis
646 812 804 884 certiora
817 807 1064 903 praescribant.
1091 806 1179 881 Nan

122 921 217 995 cnim
245 916 385 1009 quidam
415 912 680 989 solennislrmam
714 912 850 1001 eloquii
883 908 1137 1005 propheticis
1169 951 1179 967 ·

122 1042 243 1107 marn,
272 1013 452 1107 allegorici
476 1014 511 1085 dt
535 1008 674 1108 figurati
698 1012 937 1103 plerumque,
971 1024 1182 1083 nontamen

124 1114 282 1209 semper,
300 1110 590 1187 resurredlioncm
608 1132 753 1203 quoque
765 1124 999 1182 mortuorum
1014 1104 1183 1182 manifeste

127 1218 399 1302 annunciatum,
434 1212 469 1283 in
492 1211 727 1307 imaginariam
754 1210 1055 1307 significationem
1081 1206 1187 1281 distor-

126 1328 260 1408 quent3
295 1310 534 1385 affer-'erentes
556 1310 665 1403 ipsam
686 1312 793 1383 etiam
812 1324 970 1383 mortem
996 1306 1184 1400 ‘isiritalitet

125 1410 402 1507 intelligendam.
454 1410 542 1482 Non
566 1412 660 1483 enim
685 1410 776 1484 hanc
800 1406 870 1483 esse
898 1408 937 1481 in
964 1429 1091 1497 vero,
1122 1426 1184 1499 qua

126 1511 170 1587 srt
187 1514 223 1583 in
243 1510 387 1600 medio,
414 1510 583 1585 dissidium
598 1510 712 1583 carnis
724 1526 830 1601 atque
845 1508 997 1599 animae,
1026 1508 1086 1581 sed
1100 1508 1185 1605 igno·

127 1611 279 1683 rentiam
309 1608 402 1701 Dei,
429 1629 493 1703 per
516 1629 620 1699 quam
643 1609 756 1682 homo
778 1619 946 1681 mortuus
971 1606 1091 1698 Deo,
1123 1626 1185 1679 non

127 1710 245 1785 minus
266 1710 302 1781 in
326 1728 450 1781 errore
467 1710 621 1802 jacuerit
639 1729 743 1799 quam
758 1708 795 1779 in
815 1705 1026 1803 sepulchro.
1079 1706 1184 1795 Inque

129 1808 165 1881 dt
187 1806 479 1882 resurrestionem
500 1829 578 1881 earn
598 1806 869 1896 vindicandam,
897 1828 968 1897 qua
984 1808 1068 1899 quis
1085 1806 1184 1879 addita

128 1907 286 1981 veritate
303 1908 540 1981 redanimatus
558 1904 853 1981 &revivificatus
870 1904 970 1997 Deo,
987 1904 1184 2003 ignorantia

128 2024 250 2081 morte
273 2003 440 2098 discussa,
477 2007 580 2079 uelut
600 2006 645 2080 de
671 2005 859 2099 sepulchro
881 2006 1023 2077 veteris
1048 2004 1185 2079 hominia

129 2110 306 2197 eruperit:
334 2108 414 2196 qtria
434 2104 467 2175 ἂ
489 2104 654 2178 dominus
674 2105 803 2178 scribas
823 2103 857 2176 δι
874 2104 1072 2197 phariseos
1092 2102 1186 2197 sepul·

130 2204 226 2275 chris
245 2204 415 2275 dealbatis
430 2204 681 2293 adaquaverit.
717 2204 856 2278 Exinde
871 2225 960 2299 ergo
974 2202 1186 2279 resurrestio

128 2322 211 2376 nem
230 2298 299 2373 side
320 2302 535 2375 consecutos
559 2324 641 2378 cum
665 2304 814 2377 domino
838 2302 934 2396 elle,
962 2325 1047 2377 cum
1068 2304 1186 2379 eumin

128 2400 338 2493 baptismate
354 2402 545 2476 induerint.
597 2404 683 2477 Hoc
702 2405 854 2496 denique
873 2404 1023 2499 ingenio
1042 2402 1186 2478 etiamin

130 2502 324 2593 colloquiis
349 2502 437 2595 saepe
460 2502 602 2577 nostros
628 2504 794 2597 decipere
821 2501 1071 2578 consuerunt:
1111 2498 1186 2595 quas

131 2602 238 2695 &ipsi
253 2600 546 2678 resurrectionem
560 2607 674 2677 carnis
688 2604 886 2678 admittant.
912 2604 1004 2695 Vre,
1022 2606 1186 2696 inquiunt,

131 2706 191 2792 qui
210 2702 336 2795 non-in
355 2704 421 2775 lrac
437 2724 543 2776 carne
558 2702 801 2777 resurrexerit:
827 2724 874 2775 na
890 2700 1009 2776 statim
1027 2705 1111 2777 illos
1127 2720 1188 2795 per·

131 2800 295 2891 corlant,
321 2802 657 2878 srresurretlionem
678 2802 791 2877 statim
815 2804 1020 2879 abnuerint.
1073 2802 1189 2876 Tacite

131 2914 251 2971 autem
284 2898 475 2975 secundum
510 2902 763 2977 conscientiam
795 2900 889 2975 suam
922 2902 998 2974 hoc
1034 2902 1189 2976 sentiunt

129 2996 221 3088 Vae,
248 3000 306 3089 qui
324 3020 423 3091 non,
451 3000 534 3075 dum
549 3002 585 3073 in
600 3002 667 3075 hac
681 3023 788 3075 carne
810 2999 879 3090 est,
907 3003 1135 3097 cognoverit
1150 3018 1190 3075 at·

131 3116 220 3169 cana
239 3097 432 3171 haeretica:
464 3100 538 3173 hoc
560 3099 610 3173 est
630 3103 723 3175 enim
750 3100 842 3193 aqud
865 3100 948 3173 illos
975 3101 1188 3175 resurretlio.

130 3192 202 3269 Sed
220 3197 254 3268 dr
271 3197 431 3288 plerique
447 3199 490 3269 ab
509 3198 651 3273 excelsu
670 3204 792 3274 animae
807 3196 1108 3275 resurredtionem
1126 3200 1190 3273 vin·

132 3293 312 3387 dicantes,
341 3296 385 3369 de
408 3294 596 3389 sepulchro
619 3302 740 3392 exire,
767 3300 810 3373 de
832 3298 953 3373 seculo
973 3302 1133 3375 evadere
1153 3302 1191 3371 in·

131 3408 394 3489 terpretantur:
421 3397 503 3488 quia
525 3397 559 3469 δι
582 3396 738 3475 seculum
758 3413 990 3475 mortuorum
1012 3401 1057 3473 srt
1074 3400 1192 3475 habita·

132 3495 282 3587 culum,
323 3496 358 3568 id
386 3494 436 3569 est
459 3499 700 3592 ignorantium
726 3499 857 3573 Deum.
918 3498 992 3571 Vel
1024 3503 1132 3574 etiam
1157 3498 1192 3569 de

130 3590 208 3683 ipso
230 3616 413 3689 corpore,
441 3598 522 3688 quia
545 3598 580 3669 dt
603 3620 736 3690 corpus
759 3598 841 3672 vice
859 3596 1037 3691 sepulchri
1060 3600 1192 3674 conclu·

131 3689 201 3765 sam
220 3694 390 3785 animam,
417 3696 453 3769 in
470 3696 631 3778 secularis
648 3700 732 3773 vitae
747 3713 866 3772 morte
884 3699 1061 3775 detineat.

209 3814 265 3867 eo.
293 3794 353 3867 Ob
371 3798 574 3889 hujusmodi
592 3799 699 3895 igitur
713 3796 936 3889 conj‘esluras
953 3803 1107 3891 primam
1121 3816 1194 3893 pra·
1224 3809 1226 3819 '

130 3886 361 3966 structionem
382 3916 509 3967 eorum
526 3896 722 3991 depellam,
749 3919 818 3989 qua
831 3899 970 3973 volunt
986 3900 1111 3974 omnia
1124 3916 1195 3992 pro·

132 3990 259 4081 phetas
274 4014 339 4086 per
355 3993 524 4089 imagines
541 3998 802 4070 concionatos:
836 3998 983 4091 quando
1003 4000 1026 4073 sr
1043 4003 1094 4073 ita
1107 3996 1195 4085 esset,

130 4108 176 4159 ne
197 4086 277 4185 ipsae
297 4091 440 4181 quidem
460 4095 634 4191 imagines
656 4096 820 4194 distingui
842 4098 1066 4197 patrassent,
1091 4101 1195 4175 senon
