2400 4590
165 559 525 619 novensus
574 540 899 638 Juunros.
986 506 1083 630 ὅσς’

84 724 139 796 13.
165 701 278 798 Igitur
294 701 463 794 quoniam
484 697 548 775 filii
565 698 671 774 lsrael
688 695 896 790 adfirmant,
920 716 990 771 nos
1008 719 1061 771 er·

46 824 85 875 re
103 801 312 894 recipiendo
326 799 523 892 Christum,
546 801 606 892 qui
623 799 694 893 jam
714 798 835 886 venit3
861 795 1059 891 prescriba-

46 925 83 974 us
100 904 149 973 eis
165 922 210 973 ex
223 900 301 994 ipsis
318 897 519 993 scripturis,
543 900 615 992 jam
632 896 767 971 veniile
783 895 977 991 Christum,
1000 897 1061 989 qui

46 1002 273 1074 aedicabatur.
307 999 482 1099 Quamvis
501 1020 547 1087 ex
561 999 782 1094 temporibus
797 996 957 1071 Danielis
974 1017 1063 1090 pre·

46 1103 156 1174 cantis
176 1101 477 1192 probaverimus,
507 1098 580 1190 jam
605 1094 750 1179 venilie
764 1094 967 1188 Christum,
1003 1095 1063 1187 qui

46 1201 255 1276 mciabatur.
316 1196 424 1297 Nasci
447 1197 542 1271 enim
566 1216 647 1270 eum
670 1195 837 1289 oportuit
862 1196 899 1268 in
922 1193 1063 1269 Bethle-

46 1323 90 1374 em
107 1297 216 1394 Judae.
272 1295 331 1371 Sic
356 1297 450 1371 enim
474 1294 641 1391 scriptum
666 1294 717 1370 est
736 1295 775 1369 io
791 1296 987 1389 propheta:
1015 1296 1064 1369 Er

60 1398 242 1470 Bethlehem
252 1420 321 1469 non
334 1402 469 1468 minima
481 1422 512 1467 es
525 1402 564 1467 in
579 1397 705 1467 ducibus
721 1395 825 1492 Juta.
865 1396 919 1467 Ex
936 1412 967 1467 tc
978 1401 1065 1465 enim

46 1501 90 1568 iet
106 1500 191 1583 dux,
205 1504 264 1593 qui
275 1499 376 1590 μίση
385 1496 534 1594 populum
547 1520 646 1567 meum
663 1494 769 1584 Ij'raal.
818 1492 854 1568 Si
871 1506 992 1569 autem
1006 1493 1065 1568 ad·

46 1619 80 1668 ac
96 1611 199 1668 natus
211 1616 289 1671 non
306 1592 376 1690 est,
400 1597 460 1687 qui
475 1594 701 1689 proceiiurus
717 1594 789 1667 dux
805 1591 850 1667 de
864 1595 961 1667 tribu
972 1594 1065 1689 Juda

46 1696 271 1769 {Bethlehem
284 1695 531 1788 nunciabatur,
541 1707 693 1789 oportet
706 1695 800 1767 enim
813 1714 893 1767 eum
908 1692 953 1767 de
968 1694 1065 1767 tribu

46 1795 151 1867 ida&
170 1816 190 1866 a
207 1794 426 1868 Bethlehem«
432 1793 649 1891 procedere:
675 1792 987 1866 animadvertimus
1007 1815 1066 1866 au·

46 1917 83 1967 m
104 1909 191 1965 tunc
213 1895 389 1969 neminem
411 1893 456 1966 de
477 1912 609 1989 genere
625 1892 730 1967 lsrael
748 1892 785 1964 in
799 1892 948 1965 civitate
961 1892 1066 1968 lietb-

46 1994 127 2067 hem
150 1989 365 2083 remansrile,
391 1990 426 2065 dt
448 1992 602 2084 exinde,
636 1992 735 2084 quod
753 1988 979 2066 interdistum
1002 1992 1067 2086 est,

46 2115 56 2164 a
71 2095 109 2166 in
122 2088 282 2166 confinio
297 2092 402 2184 ipsius
414 2092 573 2187 regionis
588 2092 795 2165 demoretur
808 2090 992 2182 quisquam
1006 2094 1067 2187 Ju-

46 2213 189 2284 eorum,
221 2205 264 2263 ut
285 2190 359 2265 hoc
380 2212 525 2284 quoque
546 2190 634 2266 effet
653 2191 882 2285 adimpletum
898 2211 963 2283 per
983 2212 1067 2287 pro·

46 2306 172 2364 tetam:
198 2294 300 2364 ‘I'erru
312 2292 415 2383 uestro
427 2293 566 2379 deserta,
583 2295 733 2363 civitates
745 2290 853 2387 vestra
867 2295 934 2385 igni
945 2293 1067 2390 exusta,

46 2450 47 2459 ,
64 2390 134 2484 est,
163 2389 260 2480 quod
275 2390 360 2463 belli
376 2402 543 2483 tempore
560 2390 611 2464 eis
634 2392 820 2479 evenerit3
844 2394 996 2483 regionem
1010 2418 1068 2465 ve·

46 2515 106 2557 rom
133 2493 172 2556 in
201 2486 358 2584 conspefiu
377 2490 476 2584 vestro
503 2492 801 2575 acascomarcos,
827 2487 866 2566 ὅ
888 2490 1006 2573 deficta
1029 2489 1070 2569 δ’

49 2587 154 2673 loersa
169 2590 232 2655 erit
247 2615 265 2657 a
274 2589 398 2683 populis
409 2588 535 2659 nidmu.
585 2584 638 2661 Et
653 2587 725 2661 alio
740 2588 828 2660 loco
840 2587 888 2663 ilc
900 2610 965 2682 per
980 2590 1069 2662 Pro-

46 2699 157 2758 netam
181 2685 330 2757 dicitur:
367 2689 477 2780 Κιμηι
501 2687 741 2758 cumulositate
763 2688 933 2775 uidebitis,
959 2688 995 2760 id
1019 2688 1071 2762 est

46 2783 421 2874 brillum‚'facientem
434 2786 588 2861 virtutes
606 2787 643 2859 in
658 2784 771 2883 gioria
786 2784 856 2858 Dei
874 2788 1004 2883 patris,
1029 2786 1069 2866 ῢ

46 2886 94 2955 uli
110 2884 207 2980 vessri
220 2884 377 2955 videbunt
392 2901 511 2955 terram
525 2886 562 2961 dc
573 2888 759 2983 longinqua,
777 2884 979 2979 quodum,
999 2908 1069 2983 pro

46 2985 146 3057 ‚eritis
171 2981 296 3057 vestris
322 2982 405 3077 post
425 2986 727 3082 expugnationem
746 2983 965 3061 Hierusalem
986 3009 1070 3082 pro·

46 3086 114 3156 biti
132 3083 269 3179 ingredi
291 3084 480 3157 interram
502 3082 676 3179 vestram,
705 3084 750 3157 de
769 3084 968 3182 longinquo
992 3110 1072 3164 eam

46 3184 130 3255 culis
148 3196 286 3256 tanturn
307 3184 432 3257 videre
448 3182 649 3277 permirum
668 3181 730 3259 est.
781 3188 914 3273 Anima,
938 3190 1069 3280 inquit,

46 3282 116 3376 rflra
133 3285 337 3353 meditabitur
361 3288 519 3371 timorem,
546 3281 699 3377 scilicet,
725 3305 800 3376 quo
822 3298 988 3379 ternpore
1010 3308 1070 3358 ex-

46 3381 144 3453 dium
159 3380 208 3452 sui
224 3382 305 3476 palli
321 3381 411 3458 sunt.
464 3384 665 3483 Quomodo
688 3384 795 3480 igitur
813 3382 977 3457 nuscetur
997 3386 1070 3459 dux

46 3478 213 3572 eJudaea,
240 3481 274 3553 δι
295 3496 469 3573 quatenus
485 3482 700 3575 procederet
717 3483 761 3555 de
773 3484 1005 3578 Bethlehem,
1030 3484 1070 3558 st·

46 3582 87 3653 ati
117 3581 239 3653 divina
262 3582 519 3673 prophetarum
544 3582 729 3655 volumina
753 3585 948 3673 nunciant,
985 3606 1069 3661 cum

46 3683 131 3752 allus
158 3680 308 3753 omnino
337 3679 379 3752 sit
406 3680 480 3755 illic
506 3680 544 3753 in
571 3681 784 3755 hodiernum
811 3681 997 3756 clerentius
1026 3702 1072 3756 ex

46 3778 138 3867 iael,
165 3780 264 3872 cujus
288 3802 332 3852 ex
355 3776 463 3872 stirpe
484 3778 587 3872 ponit
605 3781 698 3855 nasci
720 3780 888 3857 Christus.
939 3782 1071 3857 Secun-

46 3899 97 3949 rm
113 3879 254 3972 Judaeos
272 3879 386 3953 adhuc
403 3899 480 3951 non
499 3880 621 3971 venit,
655 3903 736 3953 cum
763 3882 887 3954 venire
907 3884 1069 3975 ceperit,

46 3977 109 4049 nde
130 3977 313 4071 ungetur?
359 3978 438 4051 Lex
459 3976 552 4052 enim
574 3983 769 4073 precepit,
803 3981 840 4053 in
861 3983 1072 4075 captivitate

46 4098 91 4149 nn
115 4078 222 4148 licere
244 4074 449 4149 undlionem
472 4077 664 4151 chrismatis
688 4080 815 4174 regalis
842 4076 984 4155 confici.
1035 4079 1072 4154 Si

46 4193 132 4249 item
157 4176 228 4267 J'am
249 4196 318 4250 nec
338 4172 460 4250 unctio
487 4175 659 4348 essillis,
700 4191 743 4250 ut
763 4178 893 4255 Daniel
917 4180 1072 4275 prophe·

555 4289 570 4349 t
595 4297 617 4367 ς
912 4280 1020 4373 tavit,
