2400 4590
71 562 119 651 38
212 553 261 655 Q.
287 548 422 629 Sera.
445 546 591 629 Fron.
616 547 981 627 Traruttrnnr

71 713 339 791 &honorando
355 710 441 789 Deo
454 714 648 807 competit,
663 712 852 787 saturatam
867 714 1046 789 tationem
1060 734 1089 785 v

71 814 129 891 lut
147 814 319 909 optimam
332 810 483 887 hostiam
498 812 705 888 admovere.

151 934 208 989 aa.
235 910 324 989 litte
339 909 392 987 est
406 910 499 986 enim
520 910 636 987 hostia
655 909 863 1007 spiritualis,
887 932 965 1003 qun
983 908 1090 1005 pristin

72 1008 243 1089 &crificia
268 1011 415 1089 delevit·
472 1014 548 1109 Quo
570 1012 679 1099 milri,
711 1012 856 1105 inquit,
888 1014 1090 1081 multitudine

69 1114 293 1207 sacrficium
330 1134 372 1183 us
396 1116 531 1183 rarum?
574 1114 692 1187 Plutus
725 1110 799 1201 sum
836 1110 1090 1209 baluruflomuru

72 1220 238 1301 arium
273 1208 314 1291 U
378 1231 456 1311 apaan
486 1234 662 1307 qurum,
695 1208 941 1303 &sanguimen
966 1224 1090 1281 tauron

72 1309 116 1391 θ
139 1313 299 1385 hiemen
331 1314 413 1385 nolu.
473 1314 564 1405 Quis
594 1315 681 1383 mim
714 1310 881 1407 requisivit
913 1310 972 1410 ifle
1002 1312 1037 1381 de
1066 1336 1090 1381 m

72 1410 172 1483 nibus
196 1404 334 1506 veflrrsl
371 1412 463 1511 Quae
485 1430 574 1508 ergo
602 1410 775 1505 quenerit
797 1408 927 1504 Deus,
966 1404 1090 1507 Evang

72 1512 161 1589 lium
183 1508 304 1587 docet.
360 1514 477 1585 Vtatur
499 1512 600 1600 dua,
631 1510 770 1605 inquit,
801 1534 904 1608 wem
927 1516 999 1583 veri
1022 1513 1090 1582 ador

73 1626 159 1685 rores
192 1608 372 1683 amalum
396 1612 522 1685 Patrem
553 1616 593 1683 ἐπ
616 1609 741 1707 spiriru
762 1606 802 1687 Θ
825 1614 976 1683 ueritate.
1040 1616 1090 1681 lle

74 1714 164 1783 enim
188 1712 324 1807 spiritus
348 1708 410 1807 efis
434 1708 470 1787 dt
490 1710 701 1785 adoratores
724 1710 845 1805 itaque
854 1711 952 1784 tales
971 1712 1090 1801 requir

73 1808 161 1885 Nos
176 1806 291 1883 sumus
309 1809 388 1885 ueri
408 1808 638 1903 adoratores,
665 1810 700 1883 dt
716 1810 797 1884 veri
810 1808 1044 1903 Sacerdotes,
1071 1832 1090 1899 q

74 1906 200 2002 spiritu
236 1920 384 1983 orantes
413 1906 538 2003 spiritu
569 1906 802 1984 sacrificamus
834 1908 1090 1983 orationemE

74 2007 283 2105 propriam,
309 2006 345 2083 e
365 2009 642 2103 acceptabilem,
667 2030 770 2101 quam
789 2006 921 2081 scilicet
937 2007 1090 2100 requisrv

78 2126 185 2199 quam
202 2106 264 2181 libi
282 2103 478 2202 prospexit
536 2108 641 2183 Hanc
657 2109 702 2183 de
716 2120 801 2179 toto
820 2106 931 2179 corde
946 2106 1090 2180 devota

75 2202 150 2280 nde
166 2204 318 2301 pastam,
345 2207 500 2282 veritate
517 2220 696 2299 curatam,
721 2206 930 2280 innocentia
946 2206 1090 2301 integral

76 2302 239 2379 callitate
268 2305 460 2399 mundam,
492 2302 619 2403 Agaps
650 2320 861 2379 coronatam
891 2326 972 2379 cum
1001 2328 1090 2399 pom

77 2422 231 2497 operum
253 2406 438 2479 bonorum
459 2406 554 2480 inter
576 2404 752 2498 Psalmos,
779 2405 814 2478 u
836 2404 1004 2498 Hymnus
1028 2406 1090 2477 ded

77 2522 164 2578 cere
181 2502 232 2579 ad·
240 2502 314 2579 Dei
331 2506 443 2581 altare
463 2505 655 2600 debemus,
680 2506 800 2579 omnia
814 2504 920 2579 nobis
938 2504 1056 2579 aDeo
1073 2507 1090 2577 i

75 2614 308 2701 patraturum

155 2724 213 2795 23.
238 2702 339 2799 Quid
353 2706 449 2781 enim
464 2704 623 2781 orationi
645 2706 690 2781 de
706 2702 829 2801 spiritu
845 2704 880 2779 de
896 2703 1051 2777 veritate
1071 2724 1090 2775 u

77 2801 194 2877 nienti
216 2804 365 2899 negavit
385 2804 516 2899 Deus,
550 2806 612 2899 qui
634 2827 713 2880 eam
736 2804 878 2899 exigit?
910 2802 1076 2899 Legimus

79 2901 267 2993 audimus,
300 2901 338 2975 tr
354 2902 556 2997 credimus,
590 2918 721 2996 quanta
739 2904 956 2977 documenta
974 2899 1090 2975 efficat

78 2999 169 3091 ejus.
219 2998 339 3075 Vetus
361 3000 504 3091 quidem
530 3003 651 3077 oratio
672 3002 707 3077 dt
730 3005 774 3077 ab
795 3004 955 3101 ignibus,
982 3002 1016 3073 tr
1038 3002 1090 3073 al

78 3092 176 3188 sniis,
201 3094 238 3169 de
254 3100 298 3174 ab
317 3096 435 3175 inedia
451 3098 646 3197 liberabat,
671 3104 934 3177 &tamennon
956 3124 975 3173 a
996 3098 1090 3173 Chril

81 3208 273 3289 acceperat
285 3194 448 3275 ienuam.
498 3196 668 3277 Ceterum
688 3212 823 3293 quanto
842 3202 989 3297 amplius
1012 3214 1090 3273 orat

81 3294 205 3371 oratio
227 3292 527 3393 Christianorum,
551 3320 629 3375 non
648 3301 741 3375 roris
757 3298 938 3397 Angelum
955 3301 992 3371 in
1012 3298 1090 3373 med

80 3394 224 3491 ignibus
236 3392 342 3489 listit,
360 3417 431 3473 nec
443 3419 510 3475 ora
524 3400 689 3475 leonibus
708 3398 877 3491 oblhuit,
903 3420 971 3473 nec
988 3396 1090 3471 esurie

80 3494 180 3567 tibus
197 3492 410 3573 rul’ricorum
428 3498 614 3595 prandium
637 3498 825 3591 transfert,
851 3500 987 3573 nullum
1004 3495 1090 3571 sensi

81 3592 247 3687 pullionis
273 3594 435 3693 delegata
458 3598 570 3695 gratia
593 3601 751 3687 avertit3
785 3597 842 3671 sed
870 3598 1071 3691 patientes,

82 3686 301 3787 sentientes,
336 3694 372 3769 dt
394 3694 559 3771 dolentes
581 3696 784 3773 sufferentia
803 3694 970 3791 instruit,
1003 3696 1090 3769 viru

83 3791 230 3881 ampliat
244 3796 415 3891 gratiam,
450 3809 493 3871 ut
509 3796 595 3873 sciat
611 3794 698 3871 fides
714 3796 798 3889 quid
814 3818 836 3869 a
854 3796 1002 3871 domino
1017 3816 1088 3869 con

85 3902 243 3983 quatur,
277 3894 480 3991 intelligens
504 3896 590 3990 quid
616 3916 685 3991 pro
710 3894 782 3969 Dei
804 3900 952 3971 nomine
974 3896 1090 3989 pariat·

83 3986 156 4063 Sed
180 3987 216 4062 dt
238 4004 340 4066 retro
361 3996 482 4072 oratio
506 3996 625 4093 plagas
649 3994 854 4092 irrogabat,
883 3995 1056 4069 fundebat
1077 3996 1090 4066 l

83 4086 189 4163 stium
212 4094 415 4185 exercitus,
439 4094 605 4171 imbrium
627 4094 728 4169 utilia
749 4095 977 4191 prohibebat.
1029 4092 1068 4167 N
1072 4114 1090 4164 u

84 4208 180 4263 vero
205 4190 327 4267 oratio
348 4192 490 4287 justitiet
514 4214 658 4271 omnem
679 4196 768 4271 iram
789 4194 863 4270 Dei
885 4194 1039 4285 avertit,
1073 4218 1090 4289 g

978 4315 1090 4368 mmn·
