2468 4530
415 520 757 599 Cnnnrnn
1047 539 1118 613 pm

63 684 146 761 [nde
165 680 313 777 sequens
331 683 523 774 conjundia
536 683 649 757 docet
664 683 817 759 misteria
830 682 932 779 legis,

63 786 171 877 inque
185 804 291 857 novo
304 781 404 856 Deus
421 804 499 874 quae
513 782 646 857 soedere
663 782 808 857 tradidit
822 800 926 857 unus.

63 882 205 957 Tertius
220 886 373 981 ingenua
385 896 530 979 gentem
547 882 592 955 de
606 897 719 957 matre
735 896 906 973 creatam,

63 982 266 1075 Vatibus&
283 982 444 1077 parribus
465 980 619 1055 sacratos
638 978 708 1055 esse
723 978 916 1073 ministros,

63 1084 165 1179 Quos
183 1102 335 1155 numero
350 1080 477 1155 bissex
492 1082 537 1155 de
553 1080 687 1155 cuneus
710 1080 846 1155 Christe
861 1080 1003 1177 regebas

63 1178 243 1273 Majorum
256 1196 344 1253 natu
359 1201 441 1255 curn
456 1182 604 1255 nomine
618 1194 807 1275 tempora,
832 1178 932 1253 lustri

63 1277 245 1373 Tempora
254 1278 416 1373 Servati,
441 1277 582 1353 sceleris
601 1280 659 1353 cui
675 1280 795 1376 paruit
806 1276 931 1352 audior

63 1376 230 1474 Ignotus,
256 1379 328 1453 fine
340 1380 440 1475 lege,
467 1402 599 1475 vagus,
625 1400 704 1453 cum
717 1380 822 1475 prole
839 1376 992 1453 relictus

63 1482 220 1652 guastus
238 1478 358 1571 &ipse
372 1478 484 1551 refert
500 1476 651 1553 obscura
666 1480 806 1573 piacula
820 1478 908 1573 legis
1078 1472 1082 1489 '

93 1576 141 1651 sie
155 1594 283 1671 typum
297 1580 452 1671 veteris,
478 1598 556 1669 quae
575 1580 694 1671 paruit
710 1576 824 1651 hostia
840 1597 944 1670 vere,

63 1676 270 1851 Kmdudum
286 1674 471 1773 expeditu
484 1676 551 1773 piis
568 1698 649 1751 cum
666 1676 798 1751 semine
814 1674 946 1750 sinuo.

100 1778 133 1849 ic
152 1778 296 1868 quintus
309 1777 443 1849 multos
461 1796 574 1849 nexus
592 1776 783 1868 nodosque
795 1772 956 1849 resolvit

63 1874 104 1949 sn
116 1878 261 1969 planum
272 1878 363 1949 mala
378 1876 575 1949 convolvit
589 1896 808 1967 quaecunquc
822 1877 993 1948 latebant.

63 1974 285 2071 Argumenta
302 1974 468 2069 trahens,
493 1970 553 2047 sed
571 1970 648 2047 non
666 1972 738 2049 sine
758 1972 848 2048 teste
860 1974 1050 2067 propheta.

63 2074 110 2147 Et
125 2076 286 2165 quamvis
300 2070 420 2148 hostes
434 2074 560 2147 muniti
573 2070 730 2147 sortibus
745 2074 863 2165 armis,

63 2174 278 2266 Vincamus,
297 2186 417 2247 tamen
438 2174 585 2267 illicita,
610 2174 776 2267 polluta,
802 2168 968 2264 nefanda,

63 2271 330 2346 Commaculata
343 2270 464 2367 simui,
489 2270 536 2347 src
549 2270 687 2347 miscuit
702 2275 823 2351 omnia
834 2271 994 2367 serpens,

63 2370 249 2445 Caecorum
269 2373 341 2443 fine
355 2374 437 2445 luce
452 2372 572 2463 viam,
598 2374 804 2447 contamine
818 2393 962 2450 vocem.

63 2470 117 2545 Ut
133 2472 215 2543 dum
231 2468 405 2543 sadiorem
423 2470 545 2543 mundi
562 2469 811 2545 contendimus
826 2468 938 2563 ipsum

63 2566 142 2642 Esse
162 2568 281 2641 Deum
295 2565 430 2660 solum,
456 2582 580 2640 vatum
600 2589 745 2661 quoque
763 2590 859 2641 voce
879 2570 1057 2664 locutum,

63 2667 300 2763 Ignotumque
318 2668 423 2740 alium
441 2688 640 2759 quenquam
654 2688 730 2739 non
748 2664 817 2741 esse
830 2668 1035 2759 probamus.

63 2765 138 2841 Vix
155 2765 320 2839 mundam
336 2765 490 2863 linguam
508 2762 678 2839 sermonis
695 2768 799 2859 culpa
813 2764 983 2841 reservet

63 2865 266 2957 Complexo
283 2866 387 2937 vario
404 2879 532 2937 notum
549 2864 631 2939 dum
647 2860 751 2939 laude
771 2864 973 2963 sequentes,

63 2966 326 3059 cupa-usque
340 2964 422 3037 alias
438 2965 553 3061 ignoti
571 2980 734 3059 tempora
750 2962 845 3039 sera:

63 3064 133 3138 Sed
151 3078 288 3161 cogunt
302 3084 371 3137 nos
384 3066 496 3137 multa
515 3064 590 3137 doli
606 3065 729 3137 caelata
745 3086 901 3157 venena,

63 3164 224 3255 Ancipiti
246 3184 445 3256 quanquam
462 3185 542 3242 cum
561 3162 727 3257 crimine,
752 3162 909 3257 pandere
924 3166 1048 3240 verba.

117 3284 148 3336 2.
173 3263 263 3361 Quis
284 3284 364 3337 narn
382 3284 468 3361 ergo
485 3260 612 3336 Deuss
639 3284 744 3357 quem
763 3284 890 3337 verum
905 3264 1021 3339 dicitis
1036 3262 1119 3361 esse,

63 3360 231 3457 Ignotum
248 3363 415 3455 populis,
442 3362 595 3437 alienum
613 3362 767 3455 denique
783 3362 948 3438 mundo?

63 3460 173 3537 Hunc
191 3480 297 3552 quem
316 3482 425 3534 nemo
439 3462 536 3555 prius
551 3476 679 3555 norat,
704 3461 764 3535 hic
781 3464 885 3535 venit
898 3463 942 3537 ab
958 3463 1051 3537 alto:

63 3560 100 3633 si
117 3559 194 3651 sua,
223 3579 286 3630 cur
305 3572 378 3633 tam
391 3558 466 3633 sera
485 3560 603 3653 petits
629 3562 745 3635 sinon
763 3557 844 3653 sua,
872 3581 980 3653 quare

63 3658 118 3733 Ut
131 3658 253 3752 prcedo
270 3660 388 3755 rapit,
415 3658 637 3755 &populum
657 3658 718 3733 sub
740 3663 819 3755 lege
833 3676 1035 3737 morantem

63 3759 201 3855 Ignotis
223 3759 333 3831 toties
349 3780 413 3853 per
430 3760 544 3856 legem
560 3760 714 3833 vocibus
730 3758 881 3855 opplet?

63 3856 101 3928 Si
116 3854 269 3931 misereri
286 3858 392 3931 etiarn
409 3862 538 3949 venit,
566 3860 599 3933 u
616 3856 823 3933 succurrere
840 3856 988 3956 cunetis,

63 3952 113 4028 Et
131 3960 292 4029 relevare
308 3956 410 4049 gravi
422 3956 585 4031 deviEtos
602 3959 729 4031 sunere
743 3958 884 4045 mortis,

63 4052 188 4127 Carnis
203 4056 234 4127 u
249 4056 419 4130 obscoeno
433 4054 603 4151 spiramen
625 4058 767 4131 solve-rc
787 4060 924 4147 vinclo,

64 4155 139 4254 Qui
157 4157 348 4229 cohibetur
365 4156 479 4233 homo
492 4158 666 4253 interior,
688 4152 851 4233 concisus
867 4160 1003 4255 inique,

115 4248 249 4333 ‘sertus
275 4252 363 4329 Tm.
381 4260 429 4332 11.
676 4252 748 4349 Yy
1001 4258 1084 4328 Qun
