2400 4590
328 500 588 559 unvanus
615 480 881 561 Parauaea.¹
1034 508 1106 585 ¹257

50 658 212 735 monte,
254 640 343 719 sicut
370 646 520 741 legimus
550 646 589 721 in
619 645 837 741 evangelio,
874 643 987 721 visum
1023 668 1107 723 erun

49 748 124 823 ilio
158 743 316 836 Moysen
346 743 666 843 colloquentem,)
698 758 862 838 apparete
890 758 990 817 retro
1021 746 1106 819 sern-

82 846 190 919 erin
222 841 365 937 speculo
400 845 434 916 &
466 846 648 941 aenignrate
678 844 714 917 u
746 844 884 918 visione
908 843 944 917 dt
968 841 1105 919 sonnio

141 965 204 1035 tn,
232 942 274 1025 ‚id
305 941 357 1015 est
381 941 492 1018 filiurn
516 944 614 1035 Dei,
646 942 785 1037 visum,
820 956 892 1017 tarn
921 944 1105 1036 prophetis

53 1042 94 1117 u
112 1041 344 1132 Patriarchis,
370 1064 473 1134 quarn
501 1043 620 1137 &ipfi
647 1044 762 1116 adhuc
781 1040 911 1134 Moysi.
965 1040 1017 1115 Et
1035 1041 1108 1135 ipse

54 1141 201 1235 quidem
228 1143 420 1235 dominus,
456 1142 597 1217 fiforte
621 1162 743 1215 coram
766 1140 811 1212 ad
834 1141 961 1215 faciem
984 1140 1109 1232 loque·

54 1242 185 1334 batur,
219 1261 295 1313 non
326 1254 447 1315 tamen
477 1257 520 1312 ut
549 1240 621 1335 est,
659 1243 771 1315 homo
803 1239 929 1315 faciem
954 1241 1031 1333 ejus
1055 1237 1109 1311 vi·

55 1341 181 1431 deret,
209 1340 245 1411 ni
258 1338 356 1413 forte
370 1340 408 1412 in
422 1338 566 1433 speculo
583 1342 617 1412 ἃ
630 1343 667 1414 in
680 1343 874 1437 enigmate.
925 1338 1107 1430 Denique,

56 1438 83 1513 d
108 1438 156 1513 fic
174 1438 296 1529 Moysi
316 1441 461 1512 locutus
487 1439 538 1512 est
560 1440 748 1532 dominus,
773 1452 816 1512 ut
835 1435 1035 1529 &Moyses
1056 1436 1110 1509 ia·

57 1538 151 1611 ciern
173 1538 248 1629 ejus
272 1538 469 1611 comminus
491 1536 618 1629 sciret3
656 1536 841 1629 quomodo
865 1534 982 1609 statim
1000 1551 1109 1629 atque

53 1636 189 1713 ibidem
204 1635 374 1709 desiderat
387 1637 515 1711 faciem
527 1639 601 1730 ejus
615 1636 761 1730 videre,
787 1636 933 1728 quamsi
951 1634 1108 1727 videret,

55 1757 135 1811 non
150 1734 389 1807 desideraret?
423 1734 623 1832 Quomodo
644 1758 743 1827 aeque
762 1735 797 1807 u
818 1736 983 1808 dominus
999 1746 1110 1829 negat

56 1833 175 1909 videri
196 1832 322 1907 faciem
346 1831 440 1909 suam
461 1833 583 1928 poffe,
611 1856 715 1927 quarn
736 1833 969 1907 ostenderat?
1002 1832 1039 1905 Si
1058 1847 1110 1905 ta·

55 1954 142 2007 rnen
162 1931 383 2007 ostenderat:
408 1949 471 2007 aut
493 1955 570 2025 qua
589 1934 642 2009 est
660 1934 770 2007 facies
787 1933 879 2026 Dei,
904 1933 1005 2025 cujus
1022 1952 1109 2004 con·

57 2031 195 2127 spedus
217 2046 387 2128 negatur,
419 2034 558 2128 flerat,
590 2054 667 2125 qua
685 2031 760 2106 visa
782 2030 856 2104 est?
896 2032 975 2104 mu·
994 2031 1111 2123 inquit

55 2132 172 2227 Jacob
197 2136 300 2203 Deum
322 2131 408 2223 facie
427 2133 619 2224 adfaciem,
652 2132 690 2209 (5
711 2134 805 2222 salvo
822 2130 919 2223 faida
941 2132 980 2229 qt
999 2136 1111 2203 anima

56 2258 138 2301 mea.
189 2228 273 2303 Alia
289 2230 396 2303 debet
411 2230 479 2304 effe
498 2233 626 2324 facies,
650 2254 744 2323 quae,
765 2231 991 2322 irrideatur,
1012 2229 1109 2303 occi·

59 2330 126 2401 dit.
174 2327 252 2400 Aut
273 2330 431 2421 nunquid
446 2328 536 2404 filius
556 2333 697 2423 quidem
721 2328 936 2404 videbatur?
962 2329 1039 2402 &si
1060 2328 1110 2401 fa·

59 2428 161 2518 cies,
185 2426 241 2501 sed
262 2429 373 2520 ipsum
396 2430 524 2503 hocin
546 2431 706 2522 visione,
740 2431 773 2501 dt
794 2429 946 2520 somno,
982 2430 1015 2499 dr
1037 2425 1110 2518 spe·

59 2528 169 2617 culn,
195 2528 451 2623 &aenigmate3
484 2530 565 2618 quia
586 2528 699 2601 sermo
722 2528 883 2618 spiritus,
910 2528 972 2597 nisi
992 2528 1112 2619 imagi·

58 2628 158 2699 naria
172 2626 306 2717 forma,
329 2627 442 2698 videri
457 2647 533 2697 non
550 2627 679 2720 potest.
730 2626 870 2697 Faciem
886 2637 1003 2694 autem
1017 2621 1112 2694 suam

57 2726 148 2798 dicit
170 2726 401 2817 invisibilem,
430 2740 577 2818 patrem.
629 2724 720 2821 Quis
750 2724 843 2794 enirn
867 2719 994 2813 pater?
1027 2741 1112 2794 num

59 2824 170 2897 facies
195 2827 262 2895 erit
281 2822 362 2916 filii,
396 2827 541 2899 nomine
565 2823 791 2911 autoritatis,
819 2843 921 2914 quarn
934 2820 1073 2916 genitus
1093 2842 1114 2891 a

59 2938 163 3018 patre
189 2922 426 3014 consequitur.
481 2921 571 2996 Non
595 2922 745 2995 enim&
769 2923 812 2994 de
838 2922 953 3012 aliqua
977 2919 1112 3011 majore

58 3020 212 3116 persona
225 3025 393 3118 congruit
406 3024 544 3120 dicere,
564 3022 671 3097 facies
688 3045 765 3095 mea
784 3021 834 3093 est
850 3023 909 3093 iiie
923 3023 1051 3093 horno:
1078 3018 1114 3091 da

60 3122 190 3194 faciem
211 3124 294 3193 mihi
315 3122 469 3213 praestat:
494 3142 584 3218 parer
602 3123 719 3215 inquit
733 3127 833 3220 major
849 3147 895 3190 me
913 3122 961 3215 esi.
1012 3115 1111 3211 Ergo

57 3220 170 3293 facies
178 3222 261 3295 ‚erit
282 3219 366 3313 filii,
395 3238 507 3313 pater.
558 3223 654 3297 Nam
671 3218 891 3314 &scriptura
909 3218 992 3311 quid
1011 3216 1112 3289 dicit:

51 3320 194 3413 spiritus
211 3322 344 3412 persone
362 3326 447 3416 ejus,
477 3324 615 3417 Christus
643 3326 795 3393 dominus.
852 3318 951 3412 Ergo
970 3316 994 3388 sr
1014 3314 1114 3385 Chri·

57 3416 135 3493 stus
154 3416 309 3512 persona
323 3438 478 3513 paternae
494 3421 631 3514 spiritus
645 3418 714 3511 est,
731 3422 861 3493 merito
879 3418 1039 3511 spiritus,
1054 3433 1113 3483 tu·

56 3520 115 3609 jus
136 3516 399 3612 personuerat,
426 3520 461 3590 id
479 3521 530 3592 est
543 3521 651 3612 patris
665 3521 760 3611 ejus,
785 3519 910 3591 faciem
927 3513 1041 3603 suurn,
1067 3531 1115 3582 ex

60 3619 202 3688 unitate
221 3616 377 3711 scilieet,
411 3620 676 3711 pronunciavit.
736 3620 888 3690 Mirarer
908 3618 1037 3710 plane,
1071 3631 1114 3682 an

62 3712 173 3788 facies
189 3712 251 3787 filii
269 3734 370 3809 pater
387 3722 501 3812 accipi
516 3720 639 3812 poffit,
666 3720 725 3809 qui
741 3718 792 3789 est
808 3730 915 3810 caput
927 3714 1013 3804 eius.
1053 3715 1116 3783 Co·

54 3832 123 3912 put
141 3824 222 3885 mim
244 3820 361 3913 christe·
383 3824 479 3895 Deus.

144 3935 198 4001 ις.
226 3914 261 3985 Si
277 3918 371 3988 hunc
392 3920 578 3991 articulum
596 3916 843 4007 quaestionibus
858 3906 1038 4005 scripture
1053 3934 1116 3983 ve·

59 4014 150 4088 teris
163 4035 239 4087 non
254 4017 458 4110 expediam,
485 4019 528 4090 de
542 4038 645 4089 novo
660 4015 872 4088 testamento
887 4008 1017 4086 sumam
1032 4032 1117 4084 con·

61 4111 305 4188 firmationem
329 4113 457 4189 nostra
474 4114 803 4210 interpretationis:
827 4134 898 4208 ue,
922 4108 1117 4205 quodcum·

118 4204 254 4291 Terent.
284 4210 369 4291 Tem
396 4215 440 4293 ΙΙ.
652 4207 688 4298 R
999 4228 1068 4305 que
