2400 4590
84 530 155 622 146
228 528 277 629 Q.
309 524 441 601 Siren.
470 520 606 599 Fron.
640 520 978 600 Tnnnuntrnur

82 683 189 863 tibufss.
237 682 395 763 Totiens
414 684 509 761 enim
526 684 647 760 voluit
659 684 842 761 celebrare
857 706 941 781 eas,
966 687 1108 782 quotier

82 790 150 864 bte
179 810 211 863 e.

159 911 194 985 9.
225 882 297 959 Sed
308 884 375 985 she
399 882 724 981 argumentnu‘ones
744 884 865 979 potius
891 882 1108 959 existimentu

49 1056 52 1061 .
79 988 126 1065 de
159 984 370 1079 conjecturis
406 982 565 1077 coacte,
602 982 728 1057 sinon
755 982 989 1057 &sententie
1017 984 1108 1058 astitr

78 1090 180 1181 rint,
218 1104 303 1185 quas
335 1080 514 1159 dominun.
534 1082 645 1183 emisit
677 1083 715 1155 in
746 1083 884 1177 repudii
914 1082 1106 1157 retraetata

80 1186 180 1283 q'uod
209 1180 410 1279 permissum
447 1180 636 1277 aliquando
668 1182 740 1275 jam
771 1182 963 1275 prohibet:
994 1183 1032 1255 in
1064 1204 1107 1276 pr

79 1290 167 1379 mis,
203 1284 286 1382 quia
306 1282 351 1357 ab
375 1286 473 1354 initio
492 1306 558 1353 non
568 1282 710 1379 fuitssu
737 1282 826 1355 sicut
841 1283 1056 1357 matrimonii
1069 1305 1108 1356 nt

78 1404 217 1463 merus:
256 1396 334 1457 tum
353 1386 428 1479 quia
450 1405 526 1481 quor
555 1383 644 1453 Deus
663 1384 861 1479 conjunxit,
892 1386 980 1453 bonu
1000 1406 1067 1454 aton
1084 1385 1108 1471 fi

67 1490 229 1585 parabit,
261 1480 460 1557 scilicetne
486 1492 615 1554 contra
639 1480 822 1555 dominum
848 1480 968 1557 iaciat.
1028 1480 1108 1555 Solu

79 1584 174 1661 enim
191 1582 252 1656 ille
271 1578 466 1677 separabit,
504 1580 563 1675 qui
587 1580 622 1653 u
643 1578 852 1673 coniunxit3
883 1578 1059 1675 separabit
1077 1602 1108 1655 at

79 1700 154 1761 tern
174 1703 252 1757 non
275 1702 340 1775 per
362 1680 526 1754 duritiam
544 1680 707 1775 repudii,
733 1700 837 1773 quarn
853 1682 1071 1775 exprobrat,
1101 1687 1108 1750 ι’

37 1792 41 1801 “
80 1779 297 1878 compescit,
322 1777 382 1853 sed
397 1800 461 1875 per
477 1778 637 1853 debitum
652 1780 792 1855 mortis.
841 1775 879 1850 Si
896 1781 1040 1872 quidem
1053 1806 1108 1851 um

77 1912 117 1959 ex
132 1882 302 1983 pasteribus
324 1882 439 1951 duobus
455 1903 522 1949 non
538 1881 624 1951 cadit
640 1884 678 1949 in
698 1880 889 1977 terramfine
899 1888 1007 1977 patris
1020 1882 1108 1951 volut

79 1980 436 2079 rare‚‚i'gsturs1quos
458 1982 549 2049 Deus
571 1982 761 2077 conjunxit,
786 1980 875 2051 bom
896 2004 962 2051 non
975 1982 1105 2075 separas

78 2082 255 2177 repudio,
279 2100 379 2173 aeque
404 2074 682 2155 consentaneum
703 2078 772 2173 est,
797 2091 839 2152 ut
855 2098 947 2171 quos
964 2076 1108 2153 Deussr

77 2182 221 2277 paravit
243 2190 383 2271 morte,
420 2178 533 2251 homo
558 2198 637 2251 non
663 2181 859 2275 conjungat
881 2179 1108 2253 matrimonio

77 2280 233 2376 proinde
256 2274 385 2351 contra
402 2276 474 2349 Dei
494 2278 722 2351 voluntatem
739 2276 923 2371 junecurus
944 2278 1108 2371 separati<

78 2402 183 2471 nem,
209 2390 315 2468 atque
329 2371 358 2449 'si
373 2374 559 2469 separasset
575 2376 875 2469 conjunsiionem.
927 2376 1012 2451 Hoc
1026 2400 1108 2469 quar

77 2494 155 2551 tum
179 2476 222 2549 ad
240 2476 312 2548 Dei
333 2478 561 2551 voluntatem
581 2497 658 2549 non
680 2475 949 2569 destruendam,
986 2478 1020 2549 ἀ
1042 2478 1108 2552 init

77 2576 230 2655 formam
250 2574 501 2649 restruendam.
561 2572 737 2649 Caeterum
753 2576 787 2649 u
803 2578 870 2649 alia
884 2578 978 2650 ratio
998 2575 1108 2671 consp

76 2690 154 2769 rat,
181 2677 255 2759 imo
271 2694 350 2748 non
370 2674 457 2768 alia,
489 2672 549 2749 sed
567 2694 644 2767 quae
663 2676 755 2755 initii
776 2674 929 2749 formam
952 2674 1108 2771 imposuit

78 2770 361 2855 &voluntatem
383 2772 455 2849 Dei
476 2774 597 2850 movit
619 2773 663 2849 ad
676 2776 959 2869 prohibitionem
978 2774 1108 2869 repudi:

76 2877 245 2970 quoniam
263 2876 323 2963 qui
339 2877 493 2953 dimiserit
507 2898 632 2944 uxorem
641 2874 751 2961 suem,
773 2892 981 2973 preterquam
996 2902 1034 2946 tx
1048 2902 1108 2965 cart

73 2977 108 3063 fir
122 2974 289 3056 adulterii,
304 2972 471 3061 faciteam
490 2972 679 3043 adulterari.
733 2974 781 3043 Er
795 2978 852 3070 qui
865 2972 1017 3067 dimiffam
1027 3002 1047 3045 a
1059 2982 1108 3047 vir

74 3076 214 3156 duxerit,
227 3070 429 3141 adulteratur
442 3076 495 3141 uri
515 3094 571 3143 ue.-
587 3090 671 3143 narn
686 3069 869 3145 &nubere
884 3074 1041 3169 legitime
1056 3096 1106 3147 no

75 3170 196 3271 potest
206 3166 413 3262 repudiata,
439 3168 474 3241 dt
488 3097 514 3243 ss
530 3168 614 3262 quid
631 3170 702 3243 tale
717 3172 953 3265 commiserit,
975 3174 1047 3245 sine
1062 3196 1108 3247 mr

76 3268 238 3348 trimonii
256 3267 429 3361 nomine,
456 3288 533 3341 non
555 3269 651 3363 capit
674 3272 830 3367 elogium
853 3272 1037 3364 adulterii,
1064 3294 1108 3364 qu

76 3370 288 3447 adulterium
311 3367 349 3439 in
374 3368 761 3457 matrimoniocrimen
784 3368 845 3445 est.
905 3369 1004 3444 Deus
1029 3372 1108 3445 aiite

76 3468 233 3558 censuit,
260 3465 349 3537 eitra
368 3486 472 3558 quam
492 3466 679 3562 homines,
704 3483 746 3540 ut
762 3469 800 3541 in
823 3480 943 3541 totum
967 3470 1042 3543 siue
1065 3492 1108 3564 pe

72 3567 239 3661 nuptias,
263 3564 338 3637 sive
356 3566 492 3662 vulgo,
509 3566 652 3640 alterius
667 3568 736 3640 viri
749 3566 903 3641 admissio
919 3567 1108 3643 adulteriur

72 3662 351 3765 pronuntietur,
375 3686 396 3736 a
417 3666 510 3739 Deo.
570 3664 764 3741 Videamus
785 3667 880 3741 enirn
903 3668 986 3760 quid
1002 3668 1045 3741 srt
1059 3688 1108 3743 mr

71 3764 280 3839 trimonium
299 3764 393 3857 apud
411 3764 550 3837 Deum:
587 3763 690 3838 &ita
709 3764 966 3863 cognoscemus
984 3767 1069 3859 quid
1089 3768 1108 3844 s

72 3884 174 3955 atque
189 3864 410 3939 adulterium.
458 3860 732 3939 Matrimonium
746 3864 818 3959 est,
842 3886 923 3939 cum
937 3866 1039 3940 Dens
1050 3870 1108 3962 jur

73 3964 124 4079 git
141 3962 233 4035 duos
252 3966 290 4037 in
309 3986 414 4039 unam
430 3982 597 4057 carnem,
623 3976 685 4035 aut
698 3960 843 4056 jnntbos
858 3966 1108 4059 deprehenden

73 4082 113 4135 1n
133 4062 257 4135 eadem
277 4082 411 4159 carne,
444 4058 782 4155 coniunttionemfi
832 4064 919 4141 avit
977 4063 1108 4141 Adultr

71 4158 251 4257 riunest,
276 4180 358 4242 curn
374 4182 526 4260 quoquo
540 4162 655 4245 nodo
669 4162 786 4260 disjun
818 4162 1031 4261 isduobus,
1064 4168 1108 4241 aii

977 4284 1081 4362 cato,
