2400 4590
360 488 490 543 ·.nr
539 410 788 545 Arrun.
892 468 907 539 .’
978 556 984 565 ,
1062 482 1135 565 4ος

69 640 220 725 uertant
243 625 451 726 suctullua,
480 628 671 723 onuba,
703 627 737 703 dr
763 624 982 701 renidentias
1005 648 1137 709 eorum

68 750 136 825 per
154 729 332 821 quietem
358 743 401 802 ut
420 750 467 813 ex
483 748 524 803 re
545 727 853 823 comprehendant
870 744 994 801 motus
1010 732 1137 805 mimae

69 828 275 903 somniantis
297 828 403 903 facile
423 848 489 927 per
512 830 626 903 carnis
650 831 878 902 teneritatem
894 846 1081 921 erumpere
1096 830 1152 913 in,-

68 924 301 1021 superficiem.
352 927 422 1003 Sed
436 928 473 1003 dr
484 925 582 1020 quod
597 926 736 1021 Libyca
749 948 835 1023 gens
851 924 1019 1001 Atlantes
1033 936 1135 1003 caco

67 1024 196 1101 somno
212 1026 357 1103 nostem
371 1029 565 1125 transigere
580 1026 766 1113 dicuntur,
793 1029 916 1101 anima
930 1026 1058 1119 utique
1072 1046 1135 1101 na·

66 1141 151 1199 tura
165 1140 316 1201 taxatur.
367 1128 484 1202 Porro
499 1143 561 1202 aut
577 1126 777 1201 Herodoto
794 1126 887 1201 sama
902 1128 1055 1201 mentitu
1068 1124 1135 1223 eil,

65 1246 330 1318 nonnunquam
346 1226 383 1302 in
396 1228 574 1303 Barbaros
592 1224 829 1321 calumniosa,
854 1238 917 1301 aut
932 1246 1058 1323 magna
1074 1226 1135 1301 vis

65 1324 244 1419 ejusmodi
271 1326 472 1401 daemonum
498 1330 535 1401 in
562 1328 627 1400 illo
650 1328 793 1401 climate
818 1324 1034 1401 dominatur.
1094 1324 1135 1401 Si

34 1500 37 1507 ,
66 1424 164 1499 enim
186 1424 447 1503 &Aristoteles
467 1426 619 1501 heroem
634 1426 810 1519 quendam
826 1424 996 1501 Sardiniae
1009 1438 1133 1520 notat,

64 1524 298 1599 incubatores
315 1526 386 1601 lani
403 1524 453 1601 sui
469 1526 664 1601 visionibus
678 1526 905 1621 privantem,
931 1524 1046 1600 erit&
1057 1527 1134 1601 hoe

63 1624 106 1698 in
119 1624 319 1699 daemonum
334 1626 537 1701 libidinibus
556 1640 629 1703 tam
646 1626 788 1701 auferre
805 1622 940 1699 somnia
957 1644 1064 1717 quam
1079 1626 1134 1699 in·

64 1722 177 1813 serre,
187 1739 228 1795 ut
236 1724 397 1799 Neronis
407 1746 553 1821 quoque
564 1712 630 1801 seri
638 1722 879 1818 somniatoris,
890 1722 1133 1800 &Thmona-

64 1822 120 1897 dis
134 1822 266 1920 insigne
281 1825 365 1899 inde
382 1824 603 1919 processerit
652 1823 771 1900 Sed&
787 1824 905 1899 rDeo
921 1823 1130 1899 deducimus

63 1920 214 1999 somnia.
248 1924 345 2023 Quid
361 1946 450 2023 ergo
467 1948 537 2001 nec
552 1924 670 1999 aDeo
685 1924 879 2000 Athlantes
897 1921 1130 2021 somniarent,

63 2020 128 2095 vel
139 2022 219 2115 quia
229 2024 325 2097 nulla
333 2024 403 2117 jam
418 2046 505 2124 gens
513 2024 585 2099 Dei
598 2038 770 2101 extranea
777 2022 842 2117 est,
851 2024 887 2097 in
901 2045 1047 2099 omnem
1057 2028 1131 2097 tei·

61 2140 141 2194 ram
156 2121 190 2193 dr
203 2122 239 2196 in
253 2126 427 2197 terminos
442 2127 540 2199 orbis
553 2120 757 2223 Evangelio
772 2122 996 2198 coruscante.
1029 2122 1131 2199 Num

62 2240 155 2316 ergo
175 2237 236 2294 aut
259 2223 352 2296 fama
373 2230 524 2299 mentita
544 2223 595 2299 est
614 2222 822 2318 Aristoteli,
848 2238 910 2297 aut
926 2224 1131 2299 demonum

63 2320 181 2395 adhuc
202 2322 295 2393 ratio
317 2322 389 2416 est,
417 2325 566 2400 dumne
591 2326 707 2418 aliqua
728 2339 855 2398 natura
879 2322 1047 2399 credatur
1065 2322 1136 2399 ium

61 2422 181 2497 munis
195 2420 443 2497 somniorum?

142 2544 200 2611 50.
227 2518 317 2593 Satis
333 2522 376 2595 de
391 2522 537 2616 speculo
549 2524 697 2616 mortis,
721 2524 757 2595 id
770 2523 822 2597 est
834 2524 878 2597 de
895 2522 1036 2613 somno,
1049 2537 1129 2597 tum

61 2622 172 2695 etiam
187 2620 231 2693 de
252 2623 408 2714 negotiis
431 2621 567 2716 somni,
592 2621 695 2697 idest
714 2620 759 2695 de
778 2621 942 2695 somniis:
966 2640 1063 2694 nunc
1081 2620 1129 2694 ad

62 2720 239 2816 originem
256 2722 359 2814 hujus
375 2721 557 2812 excelsus,
583 2720 618 2795 id
638 2720 712 2815 est,
738 2721 781 2793 ad
799 2721 962 2794 ordinem
977 2720 1127 2795 mortis:

63 2821 148 2913 quia
160 2843 228 2895 nec
242 2817 349 2914 ipsam
362 2822 433 2895 sme
445 2820 718 2914 quaestionibus,
739 2821 825 2895 licet
840 2817 949 2894 finem
964 2821 1129 2896 omnium

63 2918 308 3012 questionum.
371 2920 515 2995 Publica
533 2922 648 2995 totius
666 2922 805 3017 generis
828 2920 969 2995 humani
986 2918 1127 2994 sentem

61 3020 115 3097 tia
129 3035 285 3094 mortem
300 3035 437 3095 natura
454 3021 614 3095 debitum
627 3021 914 3114 pronuntiamus.
965 3019 1051 3094 Hoc
1068 3018 1128 3093 lli·

45 3108 185 3214 ‘pulata
197 3119 247 3193 est
262 3120 334 3193 Dei
350 3143 450 3214 vox,
475 3121 549 3195 hoc
564 3119 759 3215 spopondit
777 3142 886 3193 omne
901 3120 1001 3212 quod
1015 3108 1126 3195 nisti·

60 3232 145 3308 tur,
162 3236 204 3289 ut
219 3221 291 3311 jam
310 3223 393 3294 hinc
411 3244 487 3294 non
502 3216 649 3313 Epicuri
663 3219 791 3315 stupor
805 3218 1041 3312 suffundatur,
1062 3240 1125 3291 ne-

91 3318 181 3387 antis
203 3318 361 3394 debitum
381 3318 471 3393 istud
492 3320 535 3394 ad
556 3341 626 3393 nos
648 3321 851 3415 pertinere:
884 3319 944 3394 sed
966 3316 1127 3391 baeretici

110 3415 165 3512 agi
183 3415 371 3491 Menandri
390 3420 598 3493 Samaritani
618 3419 721 3511 furor
739 3416 977 3512 conspuatur,
1004 3418 1124 3490 dicen-

58 3515 108 3589 tis
122 3530 277 3592 mortem
293 3520 335 3592 ad
351 3516 435 3592 suos
449 3542 526 3594 non
543 3520 656 3592 modo
671 3541 748 3592 non
766 3520 968 3611 pertinere,
994 3537 1125 3591 verum

57 3636 132 3691 nec
145 3621 348 3708 pervenire.
399 3619 441 3692 ln
457 3621 531 3693 hoc
548 3618 682 3692 scilicet
697 3616 734 3691 se
746 3642 764 3690 a
778 3618 927 3711 superna
943 3616 977 3690 &
996 3637 1125 3689 arcana

57 3715 241 3810 potestate
264 3722 443 3815 legatum,
479 3734 520 3791 ut
536 3720 755 3791 immortales
775 3717 808 3788 dc
829 3715 1124 3808 incorruptibiles

62 3814 98 3887 dc
116 3814 231 3893 statim
253 3818 520 3893 resurredtionis
542 3834 733 3909 compotes
758 3812 847 3887 fiant
867 3817 928 3907 qui
952 3812 1125 3907 bapsrlina

60 3914 138 4007 ejus
158 3918 351 3993 induerint.
412 3917 578 4014 Legimus
599 3916 742 4008 quidem
765 3918 935 4009 pleraque
953 3934 1124 4008 aquarum

56 4036 191 4113 genera
216 4018 383 4091 miranda.
445 4017 514 4090 Sed
542 4030 604 4089 aut
628 4012 788 4087 ebriosos
812 4016 931 4087 reddit
956 4012 1127 4107 Lycesta·

53 4135 138 4192 rum
154 4138 249 4191 vena
265 4116 410 4193 vinosa:
435 4132 496 4191 aut
510 4115 751 4288 lymphaticos
770 4112 879 4189 efficit
893 4113 1125 4289 Colzrpbo-niu

596 4234 617 4290 c
645 4235 665 4317 3
834 4248 839 4263 ·
977 4224 1075 4292 catu·
1134 4250 1137 4257 ¹
