2400 4590
105 611 174 669 xm
426 608 429 615 ·
532 636 734 701 ΕΞ

108 775 326 865 ulcerpta,
351 752 458 842 &ad
474 753 630 842 calcem
647 752 813 842 secundi
826 750 955 867 huius
970 755 1162 869 Volumi-

111 870 214 953 nisa
236 896 304 953 me
323 893 460 953 notata
484 868 657 983 legitur3
694 869 763 954 tali
786 867 955 955 scilicet:
996 929 1025 973 „
1043 872 1094 971 δέ
1113 894 1177 963 m,

105 986 257 1094 quidem
272 983 366 1069 nahn
376 989 525 1095 pendes,
553 984 625 1091 nsi
634 1011 755 1068 uocem
772 989 814 1068 in
830 989 1077 1089 contentione,
1104 990 1164 1073 ni·

104 1096 158 1184 hil
175 1091 419 1209 conzfiqneris,
448 1098 523 1205 nist
542 1096 654 1182 bilem
670 1099 717 1181 dn
735 1096 1056 1207 blasphematione.

192 1232 370 1319 Perierat
402 1229 546 1317 multis
578 1230 826 1317 Tertulliani
856 1229 1080 1319 lelloribus
1115 1234 1163 1326 &

106 1344 260 1435 futuris
283 1350 327 1431 in
343 1343 946 1432 eumeommentatoribushaec
962 1344 1164 1433 difficilio-

107 1468 164 1548 ris
187 1459 276 1546 sane
294 1460 375 1547 loci
393 1463 551 1571 optima
568 1463 863 1571 interprelatm,
876 1458 948 1545 nifi
965 1461 1052 1546 haec
1068 1489 1165 1550 mea

49 1570 54 1577 ’
107 1574 368 1691 providentia
391 1575 507 1659 istam
524 1571 575 1657 ad
592 1596 633 1658 te
654 1574 888 1686 epistolam,
913 1577 1044 1659 amice
1056 1579 1164 1688 opti·

13 1720 18 1749 ¹
106 1719 185 1890 mses
190 1717 290 1777 cum
306 1714 376 1775 tua
392 1686 503 1774 bona
522 1691 640 1775 venia
648 1747 661 1789 ‚
692 1686 786 1801 ejus
804 1686 1087 1799 depofitnriam
1102 1687 1164 1777 fe-

107 1834 143 1892 ci
177 1831 231 1891 et.

190 1941 258 2026 Sic
278 1942 323 2023 in
348 1930 658 2023 Tertullianum
680 1960 826 2031 meum
853 1960 1059 2052 quantum
1084 1942 1163 2024 mi.

104 2055 150 2141 hi
168 2080 276 2168 opus
302 2051 560 2150 videbatur‚·
578 2045 772 2160 praefntus
791 2048 880 2136 sum
905 2051 1011 2160 satis,
1068 2053 1163 2139 Per·

106 2167 206 2255 solvi
227 2172 351 2254 etiam
375 2193 429 2251 ex
453 2188 542 2249 toto
558 2166 697 2248 animo
718 2160 862 2249 eadem
888 2166 965 2252 hac
987 2166 1162 2280 epistola

37 2388 43 2405 ι
105 2285 336 2395 Ιηῑετρτὲιε
359 2279 458 2380 tibi,
488 2281 620 2364 amice
644 2281 828 2390 aptime,
854 2280 959 2392 justu
979 2280 1161 2368 solennia

104 2395 366 2516 gratitudinis
390 2421 504 2479 meae.

193 2535 396 2621 Ceterum
412 2525 581 2614 obsecro
597 2548 660 2628 te,
676 2548 820 2612 uttam
835 2548 905 2611 me
921 2551 1160 2645 amareper·

105 2676 177 2770 gns
192 2674 320 2764 quam
340 2643 394 2729 de
412 2645 540 2756 patria
557 2669 650 2728 mea
666 2640 773 2726 bene
790 2644 962 2754 mereri3
998 2670 1161 2732 utrum·

105 2790 189 2881 que
206 2762 346 2849 autem
364 2756 529 2845 revelle
547 2818 559 2860 ‚
589 2754 705 2842 nullo
724 2753 922 2842 validiore
939 2780 1158 2887 argumen-

105 2904 149 2966 to
174 2873 420 2973 ostenderis,
450 2898 579 2985 quam
597 2870 718 2955 celeri
738 2868 789 2953 ad
811 2894 900 2971 me,
931 2898 1052 2983 cujus
1069 2876 1159 2987 qui.

106 2991 203 3078 dem
227 2987 331 3074 mihi
358 2984 472 3096 spem
494 2984 719 3093 plurimam
739 2978 863 3085 facin,
893 3011 947 3072 ex
969 2984 1080 3073 ltalia
1097 2994 1160 3071 r'e.

106 3104 210 3191 ditu.
266 3101 384 3188 Deus
410 3098 576 3181 interim
593 3119 634 3178 te
657 3095 914 3184 incolumem
935 3099 1085 3201 servet,
1112 3098 1160 3191 δι

103 3217 351 3335 prosperum
375 3209 454 3296 elle
484 3204 627 3322 jubeat
657 3213 901 3325 proximum
932 3218 1010 3303 iter
1034 3239 1159 3307 tuum

103 3332 390 3453 germanicum
418 3320 660 3416 secundum.

208 3651 515 3715 winemunt·

140 3767 179 3815 ex
197 3751 312 3839 Musoep
334 3750 476 3814 edendis
497 3746 590 3831 Mali·

206 3869 257 3918 cm
270 3869 304 3920 ιο
321 3872 369 3921 cc
384 3864 512 3923 nxxxi.
777 3850 788 3887 0
