2400 4590
23 456 31 463 ›-
108 510 180 599 588
240 504 288 599 Q.
314 498 449 575 Suet.
475 499 1016 597 Froa.uraroar1aa1

107 685 206 763 pore,
222 662 345 737 vestro
367 664 510 737 mortali
537 663 804 757 delinquentia,
835 662 879 737 ad
903 656 1170 733 obaudiendum

108 766 180 854 illi,
207 762 301 837 &ad
321 762 560 836 exhibendum
572 764 730 836 membra
745 760 863 837 vestra
880 780 977 832 arma
993 756 1170 851 injustitie

108 864 370 953 delinquentia.
429 862 500 935 Sed
520 863 688 936 exhibete
707 856 944 953 vosmetipsos
963 858 1052 931 Deo
1070 859 1170 931 velut

110 984 158 1036 ex
175 961 327 1035 mortuis
353 960 491 1054 vivos,
522 984 598 1035 non
617 964 722 1033 velut
739 965 879 1051 vivos,
919 957 977 1030 sed
1001 959 1108 1029 velut
1127 976 1169 1029 ex

108 1064 261 1137 mortuis
272 1063 399 1131 vivos:
414 1062 618 1136 &membra
631 1058 747 1133 vestra
764 1082 858 1133 arma
867 1057 1032 1150 justitiae,
1051 1056 1087 1128 dc
1100 1076 1170 1127 rur·

108 1162 185 1234 sua:
210 1160 310 1231 Sicut
330 1160 535 1233 exhibuistis
559 1162 716 1234 membra
739 1159 856 1235 uestra
874 1158 1006 1231 famula
1023 1157 1169 1229 immun·

109 1260 205 1333 ditiae
225 1259 259 1333 δι
279 1258 473 1350 iniquitatis
497 1261 540 1331 ad
557 1261 800 1351 iniquitatem,
832 1261 882 1331 ita
901 1256 935 1330 dt
952 1276 1055 1329 nunc
1075 1256 1167 1329 exhi·

108 1362 195 1433 bete
219 1360 377 1431 membra
397 1358 513 1432 vestra
532 1359 673 1450 justitiae
693 1356 909 1432 sacrificium.
962 1353 1057 1428 Cum
1078 1356 1167 1427 euim

108 1457 203 1534 servi
217 1456 332 1529 essetis
349 1458 617 1551 delinquentia,
634 1460 735 1531 liberi
751 1462 856 1531 eratis
868 1454 1023 1548 justitia.
1051 1456 1167 1553 Quem

109 1578 199 1654 ergo
225 1556 377 1630 fructum
399 1560 584 1631 habebatis
608 1558 712 1653 super
735 1559 816 1650 his,
846 1558 892 1629 de
916 1556 1049 1646 quihus
1074 1574 1165 1627 nunc

109 1655 395 1731 confundimini?
427 1653 508 1730 huis
526 1680 613 1754 ergo
628 1659 772 1731 illorum
786 1678 896 1731 mors.
946 1653 1062 1726 Nunc
1078 1672 1163 1726 vero

108 1757 212 1831 liberi
231 1755 312 1828 faui
330 1778 349 1827 a
367 1756 628 1852 delinquentia,
653 1758 813 1831 famulati
829 1768 948 1829 autern
969 1752 1088 1847 Deo,
1113 1754 1166 1827 ha·

108 1856 203 1929 betia
216 1854 368 1928 studium
385 1857 541 1933 vestrum
556 1862 592 1930 in
606 1854 830 1948 sacrificium,
857 1852 965 1927 finem
983 1867 1108 1928 autem
1119 1852 1166 1923 vi·

107 1967 182 2029 tam
202 1970 379 2030 aternam.
430 1958 610 2049 Stipendia
631 1958 724 2029 enirn
744 1955 1021 2047 delinquentiae,
1055 1972 1164 2043 mort,

109 2055 323 2129 donativum
347 2072 465 2128 autem
485 2058 577 2147 Dei,
610 2058 687 2128 vita
709 2072 841 2128 aeterna
860 2054 897 2126 in
920 2050 1066 2124 Christo
1090 2048 1166 2149 Jesu

108 2154 259 2227 domino
278 2152 454 2245 nostro„
505 2156 558 2227 lta
580 2174 643 2245 per
671 2168 786 2226 totam
813 2155 905 2225 hanc
931 2149 1097 2225 sensuum
1122 2150 1165 2225 se·

106 2254 196 2325 riem
221 2252 264 2322 ab
279 2248 453 2341 injustitia
475 2252 508 2324 &
530 2255 771 2344 delinquentia
793 2254 950 2325 membra
974 2250 1102 2323 nostra
1121 2250 1165 2323 di·

106 2352 267 2442 vellens,
286 2349 468 2441 &justitiae
482 2354 515 2424 δι
528 2351 760 2426 sarrdiimoniae
775 2354 990 2446 adjungent,
1011 2350 1046 2421 ἃ
1060 2367 1163 2423 trans·

107 2451 227 2524 ferens
246 2450 367 2522 eadem
383 2474 402 2523 a
417 2453 591 2543 stipendio
606 2454 755 2543 mortis,
788 2454 831 2524 ad
848 2452 1067 2523 donativum
1086 2452 1164 2522 vita

108 2567 270 2627 aeternae:
299 2552 394 2621 carni
415 2554 539 2643 utique
565 2552 890 2643 compensationem
909 2548 1028 2621 salutis
1044 2570 1175 2644 repro,

33 2642 39 2663 ⁸
107 2650 241 2739 mittit,
269 2651 325 2720 cui
348 2653 477 2725 nullam
497 2654 644 2723 omnino
668 2649 874 2743 competisse
898 2652 1067 2737 imperari
1088 2670 1165 2742 pro·

107 2751 219 2843 priam
234 2748 467 2822 santlimoniae
483 2752 665 2841 &justitia
681 2749 914 2845 disciplinam,
934 2748 1049 2820 srnon
1066 2749 1162 2840 ipsius

109 2848 243 2920 esset&
259 2850 438 2938 praemium
452 2850 648 2941 discipline.
701 2850 769 2921 Sed
786 2871 853 2920 nec
872 2847 981 2939 ipsum
997 2848 1164 2938 baptisma

109 2948 285 3019 committi
307 2968 371 3038 per
393 2950 701 3043 regenerationem
725 2971 800 3020 non
824 2949 929 3020 etiarn
950 2946 1165 3019 restitutioni

106 3046 375 3139 inauguraretur
395 3050 467 3119 hoc
491 3071 633 3139 quoque
650 3047 829 3141 llpostolo
848 3049 1059 3140 ingerente,
1087 3066 1163 3139 „an

106 3146 277 3242 ignoratis
302 3146 399 3234 quod
420 3148 622 3237 quicunque
644 3149 679 3220 in
701 3146 814 3239 =lesum
837 3146 936 3217 tincti
961 3144 1104 3237 sumus,
1129 3148 1162 3217 in

106 3258 261 3321 mortem
281 3244 354 3336 ejus
375 3245 471 3318 tindii
490 3245 621 3318 seimus:
647 3245 845 3338 consepulti
865 3266 951 3340 ergo
975 3246 1025 3316 illi
1053 3245 1162 3318 sumus

104 3365 171 3439 per
186 3342 354 3435 baptisma
368 3345 402 3415 in
419 3360 599 3436 mortem,
625 3347 676 3417 uti
697 3345 995 3436 quemadmodum
1015 3341 1162 3417 ssrrrexit

106 3443 264 3518 Christus
284 3466 304 3516 a
324 3446 496 3531 mortuis,
523 3448 572 3516 ita
593 3446 625 3517 u
643 3467 710 3521 nos
730 3447 765 3517 in
780 3447 946 3517 novitate
967 3445 1057 3514 vitre
1074 3447 1162 3517 ince·

106 3544 277 3635 damea„
329 3542 386 3615 Ac
408 3566 454 3616 ne
476 3546 519 3615 de
539 3544 600 3616 ista
624 3559 762 3617 tantum
785 3545 861 3616 vita
886 3560 990 3636 putes
1019 3544 1161 3634 ditium,

107 3665 184 3734 quae
207 3666 253 3715 ex
277 3640 348 3715 fide
373 3665 436 3735 per
459 3643 628 3734 baptisma
652 3645 687 3716 in
714 3646 880 3716 novitate
911 3643 1076 3715 vivenda
1103 3642 1161 3731 esi,

104 3742 407 3839 providentissime
434 3742 601 3814 adstruit:
634 3744 775 3816 sienim
803 3743 1037 3834 complantati
1062 3742 1163 3815 fueri·

104 3863 211 3933 mus,
249 3843 457 3915 stmulachro
484 3844 610 3916 mortis
639 3840 793 3933 Christi,
830 3843 928 3914 slmul
955 3840 989 3911 ἃ
1013 3838 1164 3913 resurre-

106 3941 231 4019 siionis
255 3946 393 4015 erimus.
452 3941 519 4013 Per
542 3942 786 4016 simulachrum
813 3941 906 4012 enim
930 3942 1109 4013 morimur
1132 3942 1165 4011 in

105 4040 338 4140 baptismate,
372 4040 429 4114 sed
452 4062 516 4133 per
541 4041 730 4114 veritatem
755 4038 965 4135 resurgimus
987 4044 1024 4111 in
1046 4061 1165 4130 carne,

105 4139 194 4219 sicut
214 4141 248 4220 dt
267 4140 454 4236 Cluilius,
488 4155 528 4217 ut
546 4140 634 4219 licut
658 4140 824 4245 regnavit
843 4139 882 4218 in
904 4156 1065 4312 τττοτιὲὶιτι
1086 4139 1165 4214 deli·

1044 4263 1119 4337 um,
