2400 4590
239 371 251 429 ι

332 470 589 611 nnj'cnnnn
623 494 850 573 Crrnrarr.
997 568 1000 573 ,
1050 512 1124 589 515

58 654 298 757 Defendimus
320 670 462 752 autem,
493 678 571 733 non
593 652 738 735 carnem
754 655 895 753 peccati
911 671 1125 747 evncuatarn

61 752 134 833 effe
148 761 186 833 in
202 755 364 853 Christo,
391 755 450 833 sed
468 774 659 855 peccatum
677 760 810 839 carnis:
836 779 912 831 non
925 761 1123 853 materiam,

59 857 123 934 sed
141 866 323 959 naturam:
354 879 424 933 nec
443 854 692 950 substantiam,
725 856 785 933 sed
809 859 968 951 culpamc
1002 856 1124 933 secun·

52 958 145 1033 'dum
162 955 334 1053 Apostoli
348 956 596 1033 authoritatem
613 956 786 1033 dicentia:
821 958 1008 1031 Evacuavit
1020 980 1125 1055 pecca·

53 1074 133 1152 v‚carru
156 1060 193 1128 in
215 1082 317 1129 curru.
367 1056 462 1133 Nam
487 1054 641 1133 &alsbit
672 1058 960 1155 insimilitudine,
992 1056 1123 1153 inquit,

59 1157 163 1231 cami»
181 1160 302 1255 peccari
318 1152 421 1231 fuiss'e
438 1154 633 1232 Christum:
657 1177 734 1231 non
750 1156 848 1250 quod
862 1156 1125 1233 ilmilitudinern

61 1254 177 1330 carnis
200 1254 409 1351 acceperit,
443 1255 538 1350 quan
557 1256 746 1355 imaginem
770 1259 964 1353 corporis,
995 1257 1124 1329 &non

60 1355 273 1431 veritatem:
307 1355 366 1429 sed
388 1354 648 1435 uniutudinen
667 1356 880 1450 peccatricis
903 1355 1019 1430 carnin
1043 1358 1126 1429 vult

58 1456 222 1552 intelligi.
271 1455 385 1553 Quod
402 1453 477 1563 ipso
494 1476 571 1529 non
593 1458 777 1552 peccatrix
796 1476 882 1531 caro
900 1454 1028 1531 Christi
1047 1456 1123 1549 ejus

60 1552 132 1629 fuit
151 1572 240 1649 par,
274 1554 474 1649 cujuserat
494 1568 708 1649 peccatum,
739 1577 893 1653 genere,
927 1576 1003 1629 oon
1026 1557 1122 1627 vitio

58 1651 172 1727 Adae:
196 1654 340 1746 quando
356 1654 440 1731 hinc
453 1655 561 1730 etiam
574 1650 826 1729 confirmamus
839 1678 920 1741 ‚eam
934 1648 1036 1730 inille
1050 1674 1124 1727 car·
1160 1730 1165 1755 ¹

28 1816 36 1845 ,
59 1772 148 1827 nem
172 1754 210 1827 in
234 1752 399 1849 Christo,
426 1756 527 1848 cujus
548 1768 676 1829 natura
697 1752 749 1829 est
771 1756 809 1829 in
828 1754 976 1830 homine
996 1776 1124 1848 pecca·

59 1852 146 1926 trix.
203 1848 254 1927 Et
273 1852 321 1929 lic
343 1852 382 1927 in
400 1855 461 1928 illa
478 1870 669 1949 peccatum
689 1868 927 1931 evacuatum:
963 1854 1062 1946 quod
1086 1855 1125 1927 in

52 1946 206 2026 'Christo
223 1952 297 2029 fine
316 1968 471 2047 peccato
491 1944 689 2047 habeatur',
724 1974 801 2047 quae
823 1954 861 2027 in
884 1954 1031 2029 homine
1050 1953 1125 2027 sine

58 2066 215 2145 peccato
234 2074 309 2127 non
326 2053 536 2128 habebanu.
586 2050 684 2129 Nam
703 2074 822 2145 neque
839 2053 883 2128 ad
898 2053 1125 2150 propositum

62 2148 192 2245 Christi
214 2148 352 2227 iaceret
371 2152 581 2227 evacuantis
603 2166 793 2247 peccatum
814 2156 958 2248 carnis,
990 2175 1069 2227 non
1086 2153 1125 2229 in

61 2268 108 2321 ea
128 2270 235 2326 carne
250 2272 428 2327 evacuare
448 2252 563 2344 illud,
589 2252 626 2326 in
641 2274 710 2346 qua
726 2266 803 2326 erat
821 2268 948 2327 natura
966 2253 1124 2348 peccati,
1195 2316 1199 2329 ,

59 2368 180 2441 neque
198 2351 241 2423 ad
260 2352 420 2448 gloriam.
476 2350 574 2450 Quid
592 2352 685 2425 enim
701 2374 889 2448 magnum,
923 2353 999 2427 siin
1016 2374 1125 2426 carne

62 2449 214 2523 melio're
239 2450 273 2523 &
295 2452 464 2541 alterius,
489 2448 525 2521 id
546 2446 619 2537 est,
645 2472 723 2523 non
741 2454 952 2545 peccatricis
973 2466 1124 2544 natnrae,

61 2558 198 2624 nevum
222 2549 363 2643 peccati
385 2546 563 2622 redemit?
597 2546 725 2643 Ergo,
754 2549 892 2641 inquis,
925 2550 1126 2624 finostram

62 2647 198 2741 induit,
213 2648 397 2742 peccatrix
413 2647 482 2723 fuit
496 2666 582 2721 caro
596 2644 734 2721 Christi.
773 2647 863 2721 Noli
880 2646 1126 2744 constringere

62 2748 312 2845 explicabilem
335 2745 494 2823 sensum:
526 2744 682 2821 nostram
705 2748 800 2820 enim
821 2748 995 2837 induens,
1030 2746 1126 2825 suam

62 2848 173 2938 fecit3
199 2845 293 2923 suam
309 2845 443 2922 faciens
457 2868 533 2920 non
553 2846 792 2940 peccatricem
815 2870 891 2922 eam
911 2845 1009 2923 fecit.
1059 2847 1136 2947 Ce7¹

63 2965 181 3026 terum
198 2948 297 3043 quod
310 2948 354 3022 ad
369 2967 494 3023 omnes
508 2946 636 3021 diuum
652 2946 715 3039 fit,
734 2947 793 3039 qui
807 2949 891 3023 ideo
906 2970 982 3021 non
995 2962 1125 3039 putant

63 3070 208 3125 carnem
224 3046 382 3121 nostram
402 3047 439 3122 in
460 3044 601 3120 Christo
621 3044 752 3139 fuille,
790 3049 968 3141 quianon
989 3045 1059 3122 fuit
1079 3068 1125 3121 ex

10 3168 16 3191 ·-
62 3150 136 3222 viri
156 3146 313 3242 semine,
345 3145 583 3220 recordentur
603 3142 721 3221 Adam
739 3144 851 3240 ipsum
872 3148 909 3221 in
932 3149 1025 3222 hanc
1050 3168 1125 3221 car-

63 3269 175 3339 nem,
207 3267 284 3321 non
302 3269 348 3321 ex
366 3244 497 3323 semine
514 3246 584 3319 viri
598 3244 740 3323 facium.
799 3246 901 3320 Sicut
921 3260 1018 3321 terra
1037 3267 1125 3319 con-

62 3343 169 3424 versa
187 3344 237 3418 est
253 3346 289 3419 in
304 3347 397 3420 hanc
411 3367 555 3421 carnem
570 3346 643 3421 stne
664 3346 733 3420 viri
752 3342 903 3440 semine,
929 3348 979 3441 ita
1000 3346 1033 3418 dc
1051 3346 1125 3419 Dei

10 3472 12 3491 ²
61 3446 219 3524 verbum
233 3445 353 3540 potuit
365 3446 438 3522 stne
451 3446 606 3543 coagulo
621 3448 659 3521 in
673 3445 831 3540 ejusdem
848 3446 963 3519 carnis
979 3444 1126 3519 transire

10 3590 20 3613 υ
98 3547 258 3623 aretiam.

10 3636 28 3741 l
60 3573 99 3641 m
141 3668 197 3741 17·
225 3644 295 3722 Sed
315 3628 459 3723 remilld
476 3640 685 3720 Alexandro
705 3664 786 3719 curn
811 3642 877 3719 suis
902 3638 1123 3740 syllogismis,

10 3788 30 3801 --
62 3766 157 3842 quos
172 3748 210 3820 in
229 3746 597 3841 argumentationibus
614 3759 784 3837 torquet,
811 3742 917 3819 etiam
937 3764 1015 3817 cnm
1038 3741 1124 3839 psal·

10 3834 43 3883 ‘⁸'
61 3848 131 3926 mis
147 3847 360 3943 Valentini,
394 3867 486 3941 quos
502 3864 630 3944 magna
653 3844 871 3940 impudentia
891 3845 983 3934 quali
994 3842 1125 3919 idonei

10 3990 18 4019 ι
59 3954 210 4045 alicuius
230 3950 384 4025 rudioris
402 3942 602 4041 interierit,
630 3944 673 4019 ad
687 3965 793 4018 unam
804 3945 875 4037 jam
889 3944 1017 4018 lineam
1036 3962 1125 4019 con-

58 4052 273 4156 gressionem
291 4049 496 4147 dirigamus:
522 4066 567 4121 an
589 4062 731 4120 carnem
746 4040 904 4117 Christos
922 4064 969 4121 ex
983 4044 1125 4139 virgine

30 4212 33 4217 .
60 4154 265 4261 acceperit,
281 4148 408 4226 uthoc
420 4146 723 4321 precipffimgado
737 4146 926 4283 humanam
942 4164 1125 4338 eassectt’rn·
