2400 4590
12 642 15 647 Δ
100 544 171 618 126
234 534 1021 643 1q.sm.Fron.Tenrorr1au1

98 725 169 778 oro
195 687 256 794 te,
288 702 426 775 bonum
450 696 572 792 potest
595 696 691 772 dici?
725 698 761 772 Si
775 701 881 774 licita
905 700 1006 797 sunt,
1034 701 1170 797 &quaa

96 826 174 879 non
197 823 266 901 pro
288 800 425 892 salute,
452 818 540 896 ergo
567 796 699 890 &quae
721 820 798 872 non
817 802 915 875 bona
934 801 1035 896 sunt,
1069 804 1173 879 licita

98 904 189 979 sunt.
242 900 341 1000 Quid
365 912 485 972 autem
506 900 615 996 magis
644 899 740 972 velle
760 899 928 994 debebis,
956 901 1057 993 quod
1080 924 1171 1001 ergo

98 1006 237 1077 bonum
258 1000 327 1091 est,
340 1071 343 1075 ,
356 1001 438 1089 quia
453 1000 559 1092 licet,
588 1020 630 1070 an
649 996 748 1088 quod
766 1020 876 1095 crgo,
904 1003 984 1092 quia
999 1002 1171 1097 prodest?

98 1104 257 1179 Multum
273 1096 435 1171 existimo
454 1096 523 1170 esse
541 1099 635 1169 inter
651 1098 830 1171 licentiam
848 1098 1054 1176 &salutem
1109 1102 1172 1176 lle

98 1205 202 1279 bono
222 1221 298 1272 non
315 1198 463 1288 dicitur,
490 1199 576 1271 licet
593 1198 674 1287 quia
688 1198 825 1271 bonum
842 1201 1002 1292 permitti
1016 1221 1092 1274 non
1108 1222 1171 1274 ex-

99 1302 246 1398 petiat,
283 1296 342 1372 sed
370 1295 510 1371 adsumi.
568 1294 790 1370 Permittitur
816 1312 935 1371 autem
962 1300 1087 1393 quod,
1124 1320 1172 1374 an

48 1424 50 1429 ·
102 1406 242 1477 bonum
258 1396 321 1491 sat,
346 1397 383 1470 in
405 1397 517 1468 dubio
536 1395 605 1487 est,
634 1397 732 1488 quod
748 1396 867 1489 potest
885 1399 991 1472 etiam
1003 1420 1079 1472 non
1092 1420 1171 1496 per-

102 1502 223 1594 mitti,
260 1500 388 1573 srnon
414 1496 545 1568 habeat
572 1497 722 1587 aliquam
748 1496 797 1568 sui
825 1497 975 1570 caussam
1008 1501 1171 1592 primam.

100 1602 257 1694 Propter
281 1596 555 1671 incontinentiae
572 1595 772 1688 periculum
795 1598 1014 1691 permittitur
1034 1600 1173 1673 nubere

101 1698 286 1792 secundo,
313 1717 382 1789 qua
400 1696 463 1768 nisr
486 1694 631 1768 licentia
648 1696 795 1789 alicujus
812 1718 890 1769 non
907 1698 1014 1770 bonae
1027 1700 1079 1771 rei
1094 1699 1172 1773 sub·

99 1804 257 1898 jaceret,
276 1818 352 1871 non
370 1793 456 1868 esset
475 1794 512 1867 in
529 1814 603 1887 quo
619 1796 856 1890 probaretur,
875 1796 935 1888 qui
956 1797 1087 1870 divinae
1103 1812 1172 1871 vo·-

102 1902 253 1992 luntati,
288 1894 486 1988 &quisue
506 1894 675 1989 potestati
699 1896 977 1988 obsequeretur,
1006 1897 1082 1990 quis
1103 1918 1171 1972 no·

102 2003 212 2078 sirum
234 1988 398 2071 utilitatis
423 1992 643 2088 presentiam
661 1992 832 2090 satietur,
860 1996 894 2068 dt
914 2000 992 2087 quis
1014 1998 1173 2071 occasio·

102 2124 186 2177 nem
205 2098 359 2171 licentiae
374 2095 617 2189 amplexetur,
644 2095 721 2185 quis
743 2094 876 2168 divinae
899 2096 1106 2190 voluntati,
1135 2096 1172 2172 u

105 2199 182 2295 quis
211 2196 279 2271 suae
307 2194 491 2267 voluntati
514 2192 749 2285 subsequatur.
825 2195 988 2268 Licentia
1017 2197 1173 2288 plerum·

104 2320 175 2395 que
200 2296 357 2370 tentatio
380 2294 431 2367 est
457 2291 674 2389 disciplina,
710 2294 879 2384 quoniam
903 2293 1083 2388 disciplina
1106 2314 1172 2389 per

103 2400 345 2475 tentationem
361 2394 562 2489 probatur,
589 2395 746 2467 tentatio
764 2413 828 2487 per
847 2395 1027 2469 licentiam
1046 2415 1173 2489 opera·

105 2514 176 2575 tur.
235 2496 289 2569 lta
312 2491 375 2589 fit,
400 2506 442 2565 ut
466 2503 573 2565 omitia
596 2497 736 2580 liceant,
763 2493 890 2584 sedsed
908 2522 974 2566 aron
997 2501 1103 2565 omnia
1121 2522 1174 2565 ix·

104 2604 256 2699 persiana,
293 2595 376 2668 dum
394 2605 574 2687 tentatur,
602 2593 661 2666 cui
675 2596 914 2690 permittitur,
943 2593 1175 2687 &judicatur

107 2702 191 2777 dum
210 2701 244 2773 in
264 2694 489 2791 permissione
505 2706 677 2795 tentatur.
729 2694 902 2788 Licebat,
930 2695 963 2768 dr
983 2694 1174 2788 Apostolis

107 2806 241 2886 nubere,
269 2800 307 2872 (5
334 2820 444 2865 uxores
469 2798 705 2866 circumducere.
757 2794 965 2869 Licebat&
989 2790 1175 2868 deEvan·

107 2901 204 2997 gelio
227 2898 282 2970 ali.
333 2893 403 2966 Sed
425 2894 484 2983 qui
504 2893 584 2985 jure
604 2894 678 2966 hoc
698 2915 773 2965 non
795 2892 876 2966 usus
899 2891 1000 2968 estin
1018 2894 1177 2967 occasro·

106 3021 216 3081 nem,
252 2994 295 3066 ad
315 2994 516 3083 exemplum
532 3013 601 3065 nos
618 2991 716 3066 suum
739 3010 946 3089 provocat,
981 2992 1118 3066 docens
1137 2994 1176 3067 in

107 3120 154 3174 eo
178 3094 247 3170 esse
269 3092 544 3188 probationem,
569 3092 608 3166 in
627 3113 701 3187 quo
719 3094 866 3167 licentia
887 3094 1175 3191 experimentum

106 3200 302 3301 abstinentia
311 3193 506 3290 praeflruxir.

183 3419 218 3494 9.
244 3391 284 3467 st
298 3390 440 3488 penitus
458 3388 573 3465 sensus
590 3390 665 3485 ejus
681 3389 972 3488 interpretemur,
987 3414 1064 3468 non
1081 3390 1178 3469 aliud

109 3494 300 3571 dicendum
329 3492 398 3565 erit
425 3487 617 3565 secundum
642 3494 935 3589 matrimonium,
976 3514 1080 3587 quam
1101 3492 1178 3588 spe·

111 3598 184 3672 cies
212 3592 332 3688 stupri.
385 3588 476 3664 Cum
504 3590 598 3665 enim
623 3590 718 3667 dicat
733 3599 881 3668 maritos
901 3594 976 3667 hoc
994 3595 1030 3667 in
1049 3593 1179 3668 sollici·

111 3698 237 3770 tudine
267 3694 420 3783 habere,
457 3690 754 3783 quemadmodum
782 3694 844 3768 fibi
871 3695 1060 3789 placeant3
1099 3714 1181 3770 non

110 3798 236 3885 utique
251 3795 294 3868 de
308 3793 491 3884 moribus,
519 3789 621 3889 (nam
644 3794 776 3868 bonam
797 3794 1074 3868 sollicitudinem
1099 3816 1181 3869 non

110 3892 336 3991 sugillaret),
369 3891 428 3966 sed
456 3893 500 3968 de
526 3893 626 3965 cultu
652 3892 686 3963 dr
713 3894 903 3967 ornatu&
928 3895 1027 3968 omni
1059 3892 1179 3968 studio

110 3994 238 4071 sonna
260 3993 303 4063 ad
321 3993 507 4067 illecebras
526 3988 724 4067 moliendas
747 3992 921 4068 sollicitos
945 3994 1097 4090 intelligi
1115 4016 1181 4069 ve·

110 4096 176 4193 lit,
206 4091 250 4168 de
271 4088 389 4167 forma
411 4109 531 4169 autem
551 4091 586 4166 u
602 4090 702 4166 cultu
718 4092 862 4189 placere
880 4095 1028 4169 carnalis
1045 4114 1180 4168 concu-

990 4194 1126 4290 piscen-

399 4446 480 4482 Q
