2400 4590
124 540 196 626 ida
262 535 313 637 Q.
339 528 476 608 Sitit.
501 530 643 607 Fron.
669 528 1035 608 Ttnruttrxnr

121 681 368 771 &observato
389 704 571 787 praecepto
590 642 817 785 primordiale
832 692 904 784 jam
928 690 1092 766 delitium
1117 708 1177 767 ex·

149 797 278 868 iaretur
289 798 312 884 ,l
323 805 366 865 ut
380 792 492 883 homo
510 811 575 884 per
592 790 740 865 eandem
755 792 937 865 materiam
956 788 1078 863 caussae
1097 790 1177 865 satis

120 816 207 967 ihu
224 892 332 967 saciat
344 911 409 983 per
426 910 530 980 quam
546 886 768 978 offenderam
792 890 828 961 id
843 888 893 962 est
903 907 968 982 pet
985 891 1055 962 cibi
1069 892 1177 963 inter,

119 992 329 1065 diilionem:
356 1002 462 1079 atque
482 990 532 1061 ita
551 986 695 1061 salutern
710 992 838 1061 aemulo
855 989 967 1062 modo
987 987 1177 1062 redaccen-

119 1092 223 1163 deret
241 1089 378 1181 inedia,
403 1088 492 1160 sicut
509 1090 711 1160 extinxerat
733 1087 866 1184 sagina,
893 1084 960 1181 pro
981 1088 1091 1159 unico
1113 1091 1178 1161 illi·

119 1190 196 1262 cito
213 1191 315 1281 plura
329 1188 426 1260 licita
440 1199 686 1261 contemnens.

196 1312 230 1377 4.
256 1286 345 1359 Haec
360 1288 452 1357 ratio
469 1286 673 1357 servabatur
692 1286 784 1379 apud
804 1286 1068 1379 providentiam
1088 1285 1176 1377 Dei,

65 1380 76 1405 ⁸
118 1409 189 1483 pro
213 1386 434 1479 temporibus
461 1385 580 1458 omnia
612 1384 854 1478 moderantis,
889 1404 936 1459 ne
959 1388 1036 1477 quis
1058 1406 1102 1457 ex
1126 1385 1176 1457 di·-

118 1486 226 1561 verso
253 1485 297 1558 ad
321 1482 551 1575 dejiciendam
577 1484 860 1578 propositionem
887 1482 993 1557 nostr¹
1060 1538 1073 1578 ,
1114 1502 1177 1556 cur

118 1608 231 1683 ergo,
258 1584 374 1676 dicat,
402 1592 477 1653 non
495 1580 610 1654 statim
626 1581 726 1655 Deus
750 1582 898 1675 aliquam
916 1506 1176 1657 vruaiiconstia

116 1688 190 1759 tuit
214 1678 504 1777 castigationem?
538 1680 695 1773 quinimo
717 1678 751 1753 u
773 1682 871 1753 auxit
888 1681 1175 1775 permissionem?

116 1782 157 1857 N
160 1808 235 1875 arn,
270 1784 305 1853 in
324 1781 521 1874 primordio
538 1779 679 1870 quidem
695 1780 880 1853 herbidum
898 1778 1123 1854 solummodo
1141 1780 1175 1853 u

117 1886 310 1955 arboreum
336 1880 472 1953 homini
495 1880 663 1972 pabulum
683 1879 882 1954 addixerat:
916 1882 993 1953 Ecce
1022 1884 1092 1951 dedi
1119 1906 1174 1951 va·

117 1982 165 2051 iis
184 2006 272 2051 omne
287 1980 413 2071 faenum
428 1980 640 2064 sementivum
652 1980 815 2069 seminam
828 1981 951 2068 semen,
974 1983 1054 2077 quod
1069 1979 1108 2075 est
1119 1982 1174 2069 su-

111 2096 171 2178 per
193 2100 327 2151 terrem:
362 2076 401 2154 θ
418 2102 506 2148 omne
519 2078 657 2173 dignm,
682 2081 761 2175 qnod
775 2076 868 2149 ledet
881 2086 920 2149 in
932 2082 1087 2175 semetipso
1095 2084 1176 2169 fau·

118 2180 202 2251 tium
210 2181 342 2267 sentinis
358 2179 524 2263 [antennor
532 2226 541 2262 ‚
561 2176 647 2247 vobis
660 2179 725 2249 eris
738 2182 775 2247 in
788 2178 891 2268 escam.
937 2176 1064 2251 Postea
1080 2198 1174 2251 vero

118 2278 162 2348 ad
187 2278 272 2351 Noe
285 2320 299 2371 3
341 2289 547 2350 enumerata
565 2274 782 2369 iltbjtedlione
803 2277 962 2351 omnium
989 2276 1177 2351 bestiarum

117 2390 247 2470 terrae,
275 2377 524 2448 &volatilium
539 2377 639 2463 coll,
666 2374 936 2449 &moventium
948 2375 985 2447 in
1001 2390 1119 2471 terra,
1141 2378 1177 2450 dt

116 2477 266 2569 piscium
285 2478 410 2567 maris,
439 2476 600 2547 &omnis
617 2472 803 2567 serpentis:
829 2492 941 2563 erunt,
968 2476 1104 2569 inquit,
1120 2502 1176 2545 us-

117 2576 164 2645 sais
183 2583 219 2645 in
239 2576 354 2666 escam:
380 2575 472 2645 velut
489 2576 594 2644 holera
610 2572 691 2663 funi
706 2576 773 2646 dedi
791 2575 879 2646 vobit
895 2578 1054 2664 ursiversa.
1112 2580 1174 2647 Ve-

116 2700 191 2745 tmu
213 2702 335 2746 carnem
359 2680 395 2745 in
414 2676 569 2768 fimguine
588 2678 702 2744 anima
718 2684 783 2765 jue
800 2698 865 2746 non
888 2676 999 2745 edetis:
1036 2692 1116 2745 nam
1139 2673 1174 2744 δι

118 2774 193 2845 lroc
210 2775 284 2866 ipso
299 2776 396 2867 quod
416 2796 490 2847 earn
506 2773 614 2846 solam
629 2792 771 2847 carnem
787 2774 927 2867 eximit,
944 2776 1043 2865 cujus
1061 2774 1173 2844 anima

57 2916 64 2933 .
116 2892 196 2943 non
215 2886 278 2963 per
298 2872 497 2967 sanguinem
520 2870 735 2963 effunditur,
767 2875 883 2947 omnis
897 2874 1039 2964 reliquae
1058 2872 1174 2942 carnis

73 3056 81 3069 ι
117 2968 217 3039 tritam
243 2968 443 3041 conceffille
464 2967 683 3040 manifestum
702 2971 761 3043 est.
818 2972 877 3043 Ad
896 2967 1174 3063 haecresponde·

117 3086 219 3155 mus,
247 3088 321 3139 non
343 3064 548 3159 competisse
569 3068 710 3138 onerari
730 3069 910 3145 hominem
925 3072 1037 3162 aliqua
1056 3068 1173 3141 adhuc

116 3162 334 3236 abstinentiae
357 3168 455 3261 lege,
490 3166 550 3255 qui
575 3187 655 3238 cum
671 3170 820 3239 maxime
840 3184 912 3242 tam
926 3172 1042 3243 levem
1063 3170 1174 3238 inter-

120 3260 312 3335 ditionem
338 3266 442 3335 unius
467 3264 600 3337 scilicet
622 3267 719 3359 pomi
746 3268 902 3339 tolerare
931 3288 1005 3341 nun
1031 3267 1173 3359 potuit:

120 3360 297 3437 remilium
318 3362 438 3453 itaque
458 3363 556 3436 illurn
578 3364 743 3437 libertate
761 3363 832 3457 ipsa
850 3366 1172 3442 corroborandum.

123 3464 247 3552 Atque
262 3459 343 3552 post
360 3460 531 3535 diluvium
550 3464 586 3534 in
604 3462 862 3537 reformatione
876 3465 1013 3562 generis
1031 3467 1174 3539 humani

120 3556 291 3631 suffecisse
311 3576 416 3631 unam
440 3562 580 3634 interim
604 3563 719 3657 legem
742 3586 761 3635 a
786 3565 948 3661 sanguine
967 3563 1175 3654 abstinendi,

120 3658 286 3750 permisso
307 3658 369 3729 usu
388 3674 607 3733 caeterorum
658 3662 734 3756 Jam
757 3665 848 3736 enim
868 3664 1039 3755 judicium
1060 3663 1178 3738 dumi·

120 3774 188 3825 nus
204 3757 405 3831 ostender-at
424 3774 487 3849 per
506 3758 698 3833 diluvium:
723 3760 838 3834 adhuc
857 3763 960 3835 etiam
980 3765 1176 3838 commina-

119 3862 181 3917 tus
205 3854 322 3928 fuerat
341 3870 404 3950 per
429 3858 697 3947 exquisitionem
720 3860 890 3957 sanguinis
913 3862 958 3935 de
981 3882 1089 3934 manu
1104 3862 1175 3937 fra·

121 3947 188 4015 tris
207 3948 241 4017 dt
256 3954 299 4023 de
318 3976 424 4028 manu
441 3954 569 4030 belliae.
617 3956 746 4032 Omnis
766 3961 884 4052 itaque
896 3958 1065 4051 justitiam
1082 3962 1174 4053 judi·

124 4044 169 4113 cii
187 4052 451 4137 praeministrans
468 4054 646 4129 materiam
668 4058 839 4132 libertatis
864 4058 997 4152 enriirt,
1024 4079 1089 4154 per
1110 4082 1173 4133 ve·

122 4144 216 4217 niam
240 4142 425 4238 supparans
449 4151 688 4255 disciplinam,
720 4161 929 4251 permittens
954 4161 1095 4333 onznia,
1129 4175 1172 4232 ut

1027 4278 1119 4331 eme·
