2400 4590
100 511 172 595 582
245 490 1018 599 Q.Saer.Fao'a.Tanruur.1an1

22 722 27 731 .
104 682 209 755 quam
225 678 291 752 per
303 655 433 747 fidem,
459 677 523 750 per
537 678 612 731 rem
624 657 748 751 potius
765 676 869 747 quam
882 675 947 749 per
965 652 1078 751 spem.
1105 654 1166 729 Vr·

103 764 167 835 des
183 780 287 852 quam
304 758 338 830 ἃ
355 757 414 830 hic
430 777 626 848 corporum
642 768 892 849 contemptum
912 754 957 827 ad
975 756 1165 847 martyrio

101 880 183 933 rum
204 856 438 952 panstratiam
461 854 605 931 referet
656 856 779 931 Nemo
803 856 897 929 enim
917 855 1166 950 peregrinatus

103 982 127 1035 a
142 978 301 1050 corpore
317 954 432 1029 statim
449 958 658 1029 immoratur
673 976 782 1048 penes
804 956 1013 1045 dominum,
1041 954 1106 1027 nisr
1125 974 1166 1027 ex

102 1058 265 1151 martyrii
291 1057 556 1151 praerogativa,
590 1053 724 1135 scilicet
752 1052 912 1150 paradiso
942 1074 1021 1127 non
1047 1053 1167 1127 inferis

105 1155 330 1231 deversurus.
389 1155 609 1233 Defecerant
631 1169 749 1230 autem
774 1152 958 1246 Apostolo
984 1162 1105 1227 verba
1127 1151 1167 1227 ad

103 1254 368 1353 significandum
387 1255 430 1326 de
444 1274 601 1347 corpore
617 1252 817 1331 excelsum?
844 1274 887 1325 an
903 1251 1051 1327 ratione
1067 1252 1167 1327 etiam

104 1376 206 1431 nove
225 1353 413 1445 loquitur‘l
453 1356 686 1445 temporalem
710 1355 802 1427 enim
827 1350 1019 1430 absentiam
1045 1374 1066 1425 a
1093 1371 1168 1424 cor·

104 1473 198 1550 pore
212 1454 342 1527 volens
360 1450 574 1548 significare,
600 1455 817 1547 peregrinari
834 1473 902 1525 nos
925 1452 970 1525 ab
993 1473 1045 1525 eo
1068 1452 1167 1544 dixit,

107 1556 296 1645 quoniam,
325 1554 382 1643 qui
401 1553 646 1647 peregrinatur
662 1554 767 1627 etiam
782 1566 989 1629 revertetur
1001 1551 1043 1625 in
1060 1551 1168 1625 domi·

107 1654 238 1729 cilium.
291 1650 431 1729 Exinde
450 1656 555 1731 etiam
573 1652 617 1729 ad
632 1674 756 1727 omnes
767 1653 927 1744 gellium,
947 1650 1091 1745 inquit,
1105 1652 1168 1747 fier

103 1762 362 1851 peregrinantes,
381 1754 449 1847 five
467 1758 662 1823 immeramur
678 1753 837 1849 placibiles
856 1755 922 1825 Deo
937 1748 1003 1841 effic.
1059 1757 1168 1825 ΟΜ

105 1859 194 1923 anim
218 1856 306 1923 mani
324 1852 414 1949 efflari
443 1879 500 1921 ruas
525 1870 641 1948 ap=rrer
666 1872 722 1943 pro
750 1852 907 1922 tribunali
932 1851 1057 1948 Clrrifli
1080 1851 1167 1949 Jesu.

105 1951 144 2026 Si
162 1972 311 2041 omnes,
337 1950 371 2024 δι
391 1967 514 2035 totos;
542 1953 566 2027 sr
587 1966 689 2029 totos
709 1952 947 2027 &interiores
961 1948 998 2023 &
1013 1954 1169 2025 exterio·

105 2060 186 2143 res',
219 2050 255 2125 id
282 2050 332 2124 est
355 2066 427 2125 tam
453 2052 583 2129 animas
606 2050 762 2147 quam&
784 2070 962 2143 corpora:
995 2054 1052 2121 uti
1074 2076 1167 2122 unu-

105 2176 260 2250 quisque,
286 2151 425 2240 inquit,
453 2166 585 2243 reportat
605 2174 660 2243 per
685 2172 793 2239 corpus
812 2152 980 2235 ,erundum
996 2176 1068 2247 qua
1085 2148 1169 2243 geffit

107 2251 221 2322 laurum
229 2251 300 2343 five
316 2251 441 2318 rnalurn.
495 2250 578 2321 Hoc
593 2249 662 2339 jam
680 2250 867 2341 quomodo
883 2252 999 2344 legas,
1029 2272 1169 2342 quaero:

108 2348 201 2441 quasa
216 2348 359 2419 turbate
376 2349 467 2421 enim
485 2370 547 2438 per
560 2349 788 2441 hyperbaton
803 2350 986 2439 instruxit,
1005 2366 1169 2423 utrumne

108 2470 187 2541 quac
213 2468 276 2540 per
303 2468 434 2537 corpus
463 2449 680 2538 reportanda
700 2447 778 2520 lirnt
799 2473 842 2521 arr
862 2470 937 2541 quae
955 2471 1022 2540 per
1041 2471 1168 2543 corpus

108 2547 204 2645 gesta
221 2547 310 2623 sunt.
361 2547 429 2620 Sed
450 2548 508 2619 etsr
526 2570 603 2637 quae
616 2568 680 2639 per
696 2570 826 2641 corpus
844 2552 1066 2639 reportanda
1079 2550 1168 2639 suant,

108 2649 309 2741 corporalis
338 2647 536 2719 indubitate
557 2646 765 2719 resurreetio
791 2647 860 2719 est:
897 2648 976 2719 &sr
1007 2671 1087 2739 quae
1111 2667 1171 2741 per

108 2768 242 2839 corpus
259 2746 354 2843 gesta
372 2745 475 2834 sunt,
511 2767 721 2839 percorpus
741 2749 863 2837 utique
882 2745 1062 2841 pensanda
1082 2749 1169 2838 sunt,

107 2867 173 2939 per
193 2848 290 2936 quod
314 2845 408 2939 gesta
426 2844 514 2923 liunt.
567 2846 622 2919 Ita
639 2861 738 2917 totus
756 2849 813 2921 lric
832 2848 983 2937 acapite
1002 2848 1169 2919 traclatus

109 2945 261 3036 apostoli
284 2946 346 3017 tali
369 2946 518 3016 clausula
539 2945 704 3017 detextus
729 2969 797 3037 qua
821 2947 933 3017 carnis
960 2948 1169 3020 resurretlio

109 3043 338 3134 ostenditur,
373 3043 561 3117 secunlum
591 3046 665 3117 ha‘c
692 3049 758 3116 crit
780 3047 1058 3139 intelligendae,
1100 3067 1171 3139 quae

111 3165 192 3217 cum
216 3141 367 3214 clausula
392 3144 602 3215 consonant.

182 3266 242 3334 44.
268 3243 302 3316 Si
325 3245 416 3316 enim
443 3244 556 3314 aullruc
583 3244 625 3314 ad
647 3242 827 3333 superiora
852 3243 1052 3337 respectes,
1080 3245 1171 3319 rande

108 3346 247 3419 mentio
273 3345 426 3415 hominis
454 3344 642 3415 exterioris
669 3344 904 3416 &interioris
933 3345 1079 3417 inducia
1105 3346 1169 3433 cll,

108 3466 232 3522 nonne
243 3446 276 3515 lit
289 3444 495 3537 dignitatem
510 3442 647 3535 &spem
663 3447 776 3515 carnis
796 3446 968 3538 integram
981 3443 1171 3517 inuenies?

109 3540 200 3619 Cum
221 3544 315 3620 enim
334 3543 527 3615 delumine
546 3544 643 3635 quod
658 3543 814 3614 illuxerit
830 3544 930 3615 Deus
947 3544 982 3614 in
1001 3548 1170 3618 cordibus

105 3642 237 3718 nostris
273 3642 315 3715 ad
347 3644 642 3717 illuminationem
674 3643 864 3736 agnitionis
892 3644 1015 3736 gloriae
1043 3644 1113 3715 suae
1138 3646 1172 3715 in

106 3740 260 3833 persona
279 3740 428 3831 Christi,
456 3743 568 3833 dicit,
595 3743 728 3817 habere
752 3764 820 3814 nos
845 3741 1048 3816 thesaurum
1072 3746 1174 3817 istum

107 3842 145 3913 in
160 3839 322 3919 testaceis
344 3841 452 3929 vasis,
479 3839 613 3913 scilieet
630 3843 664 3915 in
683 3863 809 3932 carne,
835 3856 1003 3915 utrumne
1022 3844 1106 3935 qtaia
1126 3858 1174 3915 tc·

107 3939 223 4015 stacea
240 3938 291 4015 est
308 3938 497 4013 secundum
515 3941 708 4034 originem,
731 3944 766 4013 in
785 3943 870 4014 limo
886 3942 1111 4035 destruetur,
1133 3964 1175 4015 an

109 4042 193 4132 quia
206 4040 318 4113 divini
333 4039 485 4115 thesauri
503 4039 744 4115 conditorium
760 4040 831 4131 est,
860 4043 1085 4121 extolletur?
1113 4043 1176 4113 At·

108 4140 169 4233 qui
184 4140 210 4221 sa
224 4140 346 4221 lumea
361 4138 473 4242 ipsum
490 4139 577 4221 illud
592 4160 741 4233 verum,
769 4140 869 4239 quod
892 4139 943 4221 est
962 4141 999 4221 ia
1023 4142 1175 4321 reclusoria

1083 4263 1127 4321 u·
