2400 4590
107 554 179 645 132
238 544 287 650 Q.
312 543 447 621 srnr.
471 540 612 621 Fron
636 539 1000 624 Tnnrunnranr
1024 545 1091 629 &ea

106 710 158 785 ob
196 706 398 783 univiratus
437 703 718 781 obffinationenr
740 670 884 781 ¹sanum
921 706 1166 806 consequutoe,

106 823 150 889 ut
171 806 272 881 Dido
298 826 376 900 que
399 806 555 904 profuga
577 806 616 878 in
641 807 759 880 alieno
784 802 893 900 solo,
933 806 998 880 ubi
1021 810 1167 905 nuptien

104 908 200 1007 regis
228 908 328 980 ultro
360 902 497 1001 optasse
529 905 733 1001 debuerat,
769 925 817 978 ne
837 918 961 987 ¹tamen
996 905 1166 982 secundae

105 1008 358 1101 experiretur,
389 1006 514 1079 maluit
544 1028 566 1078 e
598 1004 780 1078 contrario
807 1005 862 1077 uri
887 1024 991 1096 quam
1014 1010 1165 1086 nubere.

103 1102 179 1183 Vel
210 1105 271 1180 illa
294 1100 490 1199 Luc'retia,
524 1122 601 1197 quae
633 1103 697 1176 etsr
728 1101 833 1176 semel
865 1123 930 1196 per
954 1105 1029 1179 vim
1055 1105 1090 1178 dt
1113 1109 1167 1181 in·

103 1208 184 1280 vita
215 1205 322 1280 alium
354 1205 472 1279 virum
506 1200 600 1298 passa
625 1201 699 1294 est,
733 1201 900 1298 sanguine
925 1199 988 1275 suo
1013 1208 1167 1280 macula·

103 1320 178 1395 tam
205 1324 348 1379 carnem
383 1302 524 1396 abluit,
555 1324 603 1377 ne
635 1303 781 1375 viveret
803 1304 875 1394 jam
900 1303 1063 1387 nonsibi
1087 1308 1167 1379 uni·

103 1406 195 1481 vira.
234 1400 361 1477 'Plura
390 1402 553 1496 exempla
584 1414 682 1474 certa
715 1401 759 1473 de
796 1400 925 1474 nostris
958 1403 1165 1501 inveniam,

55 1568 57 1572 .
104 1502 304 1599 &quidem
326 1514 432 1576 nanto
448 1500 629 1596 potiora,
662 1516 798 1592 quanto
822 1502 935 1592 majus
960 1500 1013 1575 est
1035 1504 1168 1579 vivere

102 1604 141 1677 in
173 1602 358 1696 castitate,
392 1622 498 1693 quam
528 1621 597 1697 pro
629 1621 672 1673 ea
701 1600 818 1693 mori,
851 1599 926 1673 hoc
960 1600 1013 1675 est
1042 1603 1167 1679 anime

56 1786 58 1790 ἱ
103 1702 144 1777 id
174 1700 316 1776 bonum'
344 1699 512 1795 misceri,
549 1720 654 1793 quam
693 1720 770 1773 non
806 1699 969 1772 vivendo
1001 1697 1165 1796 separari.

104 1804 243 1904 Quanti
272 1800 382 1897 igitur
415 1798 450 1873 dt
480 1812 621 1893 quante
650 1802 687 1873 in
713 1796 952 1874 ecclesiasticis
978 1802 1165 1877 ordinibus

103 1903 151 1977 de
182 1898 413 1999 ,continentia
437 1897 647 1992 censentur,
673 1899 734 1990 qui
758 1900 845 1972 Deo
872 1899 1009 1972 nubere
1033 1902 1165 1977 n'rasue·

103 2016 218 2095 runt,
251 1999 312 2095 qui
343 1998 457 2073 carnis
489 1997 556 2073 sun
583 1999 763 2072 honorem
793 1996 1054 2093 instituerunt,
1088 2003 1166 2095 qui·

103 2114 175 2194 que
209 2097 244 2174 se
272 2099 345 2194 jam
377 2097 470 2171 illius
501 2095 651 2193 pudoris
676 2094 771 2172 filios
797 2098 1031 2193 dicaverunt,
1065 2102 1165 2175 occi·

102 2202 229 2274 dentes
264 2200 302 2272 in
334 2194 370 2271 se
401 2194 725 2292 concupiscentiam
755 2196 939 2290 libidinis,
979 2196 1167 2277 &totum

101 2300 218 2390 iilud,
261 2297 361 2390 quod
391 2298 486 2369 intra
517 2295 713 2390 paradisum
744 2318 822 2370 non
859 2295 982 2390 potuit
1014 2298 1164 2377 admitti.

101 2395 213 2471 Unde
244 2395 523 2493 presumendum
554 2392 607 2469 est
631 2394 729 2488 hos,
767 2396 826 2488 qui
850 2397 944 2468 intra
967 2396 1167 2489 paradisum

102 2497 217 2593 recipi
244 2496 399 2589 volunt,
433 2495 577 2570 tandem
602 2493 734 2569 debere
760 2493 892 2571 cessare
917 2498 961 2570 ab
986 2514 1030 2571 et
1052 2516 1121 2594 re,
1144 2520 1167 2572 a

102 2618 175 2691 qua
197 2593 375 2693 paradisus
400 2594 550 2670 intactus
574 2592 638 2671 est.
