2400 4590
113 510 187 612 276
248 510 299 615 Q.
322 504 461 589 Srrr.
483 506 630 589 Fron.
656 503 1025 588 Trarotnranr

111 678 170 753 to
182 670 294 751 finire.
342 669 454 749 Hunc
469 668 587 747 rursus
600 670 638 747 in
657 670 755 747 coeiir
770 692 791 745 a
804 666 884 747 filio
901 669 1066 769 agnosci,
1090 676 1176 753 m

111 774 202 851 illuc
223 769 415 866 respiciens
444 770 634 868 discipulos
658 770 742 845 suos
769 773 861 867 patri
880 771 1039 849 tradidit.
1102 770 1176 851 sni

113 872 178 951 etfi
198 874 237 949 in
262 870 331 947 isto
357 872 548 969 evangelio
568 891 645 945 non
665 869 716 945 est
731 872 954 966 revelatum,
982 877 1074 945 Dens
1087 896 1176 949 mm

111 977 155 1051 ai
168 974 243 1074 quid
256 996 306 1044 me
319 965 532 1143 “nl''iff?
555 970 615 1064 ἂ,
643 974 743 1043 Pater
760 975 798 1041 in
815 976 882 1042 tuis
900 975 1046 1044 manibus
1057 976 1174 1073 dem

105 1076 260 1175 spirirum
283 1094 405 1143 mm:
474 1090 577 1143 amen
601 1070 683 1165 post
704 1066 1018 1167 resuneiiionem,
1055 1072 1092 1146 tt
1113 1073 1174 1151 do·

111 1172 219 1247 viitae
241 1169 357 1269 gioria
380 1171 509 1245 mortis
533 1169 693 1265 exposita
714 1170 952 1246 necessitatem
972 1173 1092 1247 omnia
1106 1174 1173 1249 hu·

110 1271 296 1365 militatis,
326 1290 408 1343 eum
423 1270 496 1363 iam
515 1286 651 1364 patrem
674 1267 710 1343 se
728 1266 846 1363 posset
862 1268 1073 1368 ostendere,
1098 1284 1172 1353 tam

111 1368 213 1451 fideli
226 1369 398 1462 soeminae,
419 1391 464 1442 ex
479 1367 689 1463 oratione,
706 1390 784 1443 non
798 1390 845 1443 ex
859 1370 1086 1467 curiositate,
1103 1392 1173 1449 not

110 1468 420 1559 exintredulitate
435 1465 613 1564 Thomae,
636 1481 783 1566 tangere
799 1490 881 1545 euin
894 1468 1078 1567 adgressae:
1102 1474 1169 1571 M,

108 1570 250 1664 inquit,
274 1572 527 1664 contiguitate,
558 1571 699 1641 nomam
720 1568 844 1660 ascendi
863 1570 904 1641 ad
917 1588 1041 1666 patrem
1056 1596 1169 1655 mern.

115 1671 208 1748 Vade
225 1689 328 1742 urna
341 1670 382 1741 ni
389 1668 517 1762 fratres
529 1692 627 1741 m:
644 1668 725 1761 quia
741 1666 775 1743 ἀ
789 1668 828 1743 in
839 1668 913 1743 hoc
927 1665 1040 1743 filiurn
1054 1670 1169 1749 orno

110 1769 177 1847 dit.
225 1767 337 1845 Filios
354 1768 450 1843 enim
466 1766 671 1864 appellasset
684 1768 789 1864 iiior,
808 1768 950 1864 sipater
967 1768 1112 1863 fuiss'ett
1135 1770 1170 1849 (t

110 1870 212 1945 dices
236 1871 311 1944 εἰει
339 1869 476 1958 Ascendo
496 1870 538 1940 ad
554 1886 677 1968 patrem
699 1892 798 1943 meum
821 1866 862 1947 0
877 1885 1002 1966 patrem
1020 1872 1168 1965 vestm,

111 1974 220 2043 Deam
242 1990 344 2041 mum
368 1965 408 2045 σ
436 1972 539 2042 Danau
562 1970 718 2066 visinat:
755 1981 859 2063 pater
883 1968 928 2043 ad
949 1985 1110 2070 patrem,
1134 1970 1168 2049 ἃ

109 2067 214 2144 Deus
241 2068 285 2142 ad
302 2066 449 2141 Deumi
477 2065 541 2143 An
563 2062 659 2142 filius
683 2066 728 2141 ad
751 2081 911 2164 patrem,
938 2069 1109 2148 &sermo
1123 2068 1168 2147 td

110 2166 261 2242 neunt
285 2164 364 2261 Ipsa
380 2184 526 2261 quoque
538 2166 691 2242 clausula
701 2164 905 2263 Evangelii,
922 2185 1074 2265 propter
1082 2168 1168 2265 quid

112 2267 298 2364 consignat
311 2266 388 2341 iiaec
401 2264 559 2361 scripta?
584 2268 677 2362 Μή,
703 2270 911 2339 vicinioris.
941 2270 1078 2364 inquit,
1107 2272 1168 2369 3ο·

104 2368 180 2461 Jam
198 2368 476 2465 Christumfitium
490 2370 564 2437 Dei.
613 2365 726 2463 Igitur
742 2386 961 2459 quaecunque
975 2391 1020 2440 ex
1035 2368 1091 2445 hio
1104 2390 1168 2465 pu·

110 2468 248 2542 taveris
263 2467 307 2542 ad
317 2464 657 2540 demonstrationem
669 2466 826 2559 eJusdem
840 2469 949 2561 patris
964 2467 997 2539 ἃ
1010 2464 1075 2542 filii
1084 2490 1166 2564 pro·

110 2564 223 2642 ficere
240 2567 305 2640 tibi
319 2563 443 2662 posse,
469 2564 636 2639 adversus
656 2561 876 2640 definitivam
894 2565 1083 2663 Evangelii
1096 2568 1166 2645 sen·

110 2668 262 2742 tentiam
279 2668 414 2742 niteris.
461 2663 552 2739 Non
568 2665 653 2740 ideo
673 2667 765 2739 enim
780 2664 908 2760 scripta
927 2664 1029 2762 sunt,
1054 2682 1166 2767 utpt·

110 2776 203 2841 trem
219 2765 340 2838 credas
356 2764 472 2861 Jesum
486 2763 683 2857 Christum,
709 2764 767 2840 sed
783 2781 826 2838 ut
846 2762 968 2842 filium.

188 2870 245 2939 26.
276 2863 429 2957 Propter
455 2885 568 2939 unum
598 2865 750 2958 Philippi
779 2864 1001 2958 sermonem,
1041 2864 1166 2943 &do-

110 2963 197 3039 mini
212 2962 476 3056 responsionem
492 2964 536 3037 ad
554 2985 653 3039 eum:
678 2965 841 3036 videmur
860 2965 1032 3059 Johannis
1046 2964 1166 3043 Evan·

136 3062 242 3135 elium
266 3061 527 3155 decucurrisse,
552 3082 600 3135 ne
624 3076 685 3135 tot
708 3063 890 3136 manifeste
913 3068 1165 3161 pronunciata,

167 3174 250 3234 ante
273 3160 308 3234 ἀ
330 3159 454 3254 postea
475 3181 566 3234 unus
584 3157 699 3234 sermo
717 3161 913 3239 subvertat
962 3164 1166 3243 Secundum

110 3259 395 3438 sisinii&
407 3260 721 3455 riffliff
733 3264 1165 3441 ἓέἓῖἶξῃὲῗὲἷῗὲἕῑ

109 3463 202 3561 gelia
215 3472 290 3533 non
302 3460 551 3553 interponam,
571 3481 648 3552 quae
661 3463 850 3534 nativitate
867 3461 1046 3535 dominica
1056 3460 1164 3541 fidem

110 3554 346 3633 eonfrnnant:
362 3557 486 3631 sufficit
499 3561 605 3654 enim,
615 3561 675 3652 qui
684 3562 778 3634 nasci
791 3562 944 3634 habebat
953 3584 998 3634 ex
1007 3563 1163 3660 virgine,

108 3655 248 3751 abipso
267 3658 471 3732 annunciari
487 3662 637 3755 angelo,
662 3658 773 3735 filium
790 3659 862 3733 Dei
877 3662 1162 3740 determinatam

108 3762 258 3851 Spiritus
273 3762 340 3847 Dei
352 3760 556 3854 superveniet
578 3767 616 3830 in
637 3773 685 3846 te,
712 3759 751 3836 U
766 3770 878 3831 virtus
899 3760 1048 3853 altissimi
1058 3764 1165 3837 aba*

106 3854 212 3928 brabit
229 3874 270 3930 te.
326 3861 489 3954 Propterea
501 3860 578 3953 quod
590 3862 733 3947 nascetur
747 3882 786 3930 ex
805 3875 836 3931 te
844 3858 1012 3947 fimiium,
1037 3862 1164 3937 vocabi·

106 3972 165 4029 rur
180 3957 275 4043 filius
305 3961 375 4029 Dei.
438 3959 580 4030 Volent
606 3956 746 4048 quidem
767 3958 801 4031 ἃ
825 3960 883 4031 hic
910 3962 1163 4139 argumentffi

104 4048 311 4128 sedveritas
326 4055 545 4146 praevalebit.
596 4054 756 4149 Nempe,
776 4057 960 4154 inquiunt,
981 4058 1076 4137 filius

103 4148 295 4246 Deneest,
322 4152 495 4241 &virtus
517 4152 663 4233 antini
680 4155 856 4235 norimus
878 4158 939 4237 est.
991 4160 1160 4339 Nesea*

47 4478 118 4496 ,Α
