692 1460
72 263 647 276 Ἣ

92 340 114 354 Vl

94 374 185 400 diret-:tas
205 376 227 397 in
240 382 282 405 qua
295 382 337 398 non
353 375 420 398 solum
433 375 570 398 honorificum
583 374 629 398 satis

95 403 121 425 de
131 411 174 429 me,
190 405 286 433 meisque
294 411 348 434 quos
360 404 394 426 hic
404 404 462 430 colo,
477 405 559 429 amicis,
572 411 629 426 men-

95 434 174 454 tionem
188 431 248 458 facis,
264 432 298 455 sed
308 434 329 455 in
337 433 409 462 plenas
420 432 520 455 universae
530 440 581 455 meae
594 440 629 461 pa-

94 462 138 484 triae
151 460 221 483 laudes
236 468 256 483 te
269 467 338 483 totum
352 461 450 483 effundis.

139 490 223 517 Quanto
238 490 315 517 rubore
330 490 375 512 sum
388 489 475 512 suffusus
485 505 491 515 ‚
513 490 540 512 ob
556 490 632 512 merita

94 518 221 547 laudesque,
241 525 288 547 quae
300 519 386 547 indigno
401 519 466 544 mihi,
482 518 605 540 tribuuntur
619 526 633 541 a

95 552 116 568 te
127 561 133 572 ‚
155 553 211 568 tanto
226 546 303 575 gaudio
315 548 422 573 exultavi,
445 554 495 569 cum
508 547 631 576 digniffimis

95 575 170 604 elogiis
179 575 201 597 δι
210 577 310 597 encomiis
319 583 368 597 vera
375 577 492 598 amicorum
502 582 598 597 meorum
608 577 632 598 in

95 610 140 625 rem
152 604 280 629 litterariam,
300 605 322 626 δε
333 605 421 633 patriam
435 605 509 626 merita
518 619 524 630 ‚
543 604 582 626 hac
595 611 632 626 tua

73 645 76 647 —
95 633 117 654 in
131 632 216 660 epistola
230 633 297 661 palam
310 634 377 655 ornari
391 633 441 655 vidi.
453 646 479 650 --

141 660 184 682 Sed
194 661 236 682 heu
246 668 280 683 me
287 675 313 679 —
327 661 413 690 indulge
422 661 474 683 hanc
485 661 632 690 digreffionem

97 689 164 711 dolori
180 697 227 711 meo
236 703 261 707 —
280 690 322 713 heu
334 697 368 711 me
378 705 384 715 ,
406 690 465 719 quod
482 690 525 712 haec
540 689 632 711 scribens

57 716 65 723 “
97 718 177 740 tristem
190 725 257 740 meam
266 734 272 744 ,
309 719 407 748 atriaeque
416 721 468 740 me‘ae
479 718 580 747 jul-{turam
589 725 633 740 rne-
643 731 644 734 =

96 745 177 768 miniffe
191 754 216 768 co
232 747 269 770 or!
307 754 345 769 uos
363 747 429 773 mihi,
448 747 569 776 quotidiana
585 753 633 768 con-

98 775 207 797 suetudine
226 776 380 798 nmiliariffimos
389 791 395 802 ,
410 777 493 797 interim
506 776 548 797 sors
561 774 632 797 invida

97 805 185 832 eripuit:
201 811 279 829 unum,
297 804 423 826 Michaelem
437 805 541 833 Ignatium
552 803 633 825 Schmi-

98 832 168 857 dium,
183 832 209 854 ad
222 833 361 855 Viennensem
373 833 457 855 Caesaris
470 833 551 857 aulam,
571 832 593 854 &
606 831 641 854 ad'

99 860 111 882 s
123 861 275 887 lendidiorem,
296 862 386 891 ipsisque
404 861 469 885 Mufis
486 861 527 883 suis
540 867 633 882 commo-

98 868 179 911 ‹iim-em
192 889 325 918 dignitatem:

141 918 239 939 Alterum
250 918 408 940 Columbnnum
420 917 534 940 Roefferum
546 916 590 939 fato
601 918 633 939 ni-

97 947 138 967 mis
149 952 273 974 praematuro
282 946 308 968 nd
318 947 392 968 orbem
399 946 440 968 hoc
449 947 518 968 nostro
527 946 632 967 sublunari

98 975 215 997 meliorem.

120 1034 122 1037 Ι
141 1008 268 1059 &anquam
285 1015 323 1030 nec
339 1008 409 1030 medio
425 1009 446 1030 in
462 1008 550 1033 dolore,
571 1008 594 1030 δι
606 1013 633 1029 m-

98 1036 124 1059 lis
133 1036 154 1065 ja
175 1044 217 1059 urae
228 1035 380 1062 recordatione,
396 1044 460 1059 omne
472 1035 524 1059 mihi
539 1036 634 1059 solatium

99 1065 165 1087 deest:
185 1065 241 1087 illius
253 1065 363 1087 absentiam
373 1065 425 1087 mihi
437 1065 556 1094 compensat
566 1065 633 1093 major

99 1094 292 1116 emolumentorum
304 1095 364 1123 copia
373 1109 379 1119 ‚
401 1101 447 1123 quae
462 1095 484 1115 in
500 1101 545 1116 rem
558 1093 633 1116 littera-

98 1123 150 1144 riam
161 1122 287 1148 univerfiun,
301 1124 334 1144 cui
347 1122 421 1144 lubens
431 1124 510 1151 privata
520 1129 566 1144 mea
577 1128 633 1144 com-

98 1150 161 1172 moda
171 1158 189 1179 e
198 1158 211 1173 ο
225 1151 313 1173 sacrifico
323 1166 329 1177 ,
345 1151 420 1173 exinde
432 1151 559 1176 redundant,
574 1150 634 1180 quod

98 1179 164 1208 longe
174 1186 187 1208 p
197 1186 234 1201 ura
248 1179 333 1202 subsidia
343 1179 401 1201 dives
410 1179 537 1202 Vindobona
546 1179 591 1207 ejus
603 1179 634 1201 lu-

99 1208 257 1230 cubrationibus
273 1208 416 1230 subministrat.
452 1207 583 1230 Defideriurn
599 1215 633 1230 au-

99 1243 143 1259 nem
157 1236 303 1266 quotidianum
312 1252 318 1262 ,
339 1244 382 1265 quo
391 1236 480 1259 alterum
489 1237 633 1287 mnieumdnm

594 1272 606 1286 e
