2400 4590
127 548 196 634 148
260 536 318 651 Ω.
342 532 468 611 surr
489 532 634 610 Fron.
655 529 1024 611 Turruuurrrrr

124 694 336 793 &corpore
356 694 513 791 separatu
535 692 606 790 est,
630 706 775 769 tenetur
797 694 966 787 inimico,
990 716 1038 769 ne
1058 694 1173 773 dicun

122 801 273 880 marito:
297 810 432 891 quanto
452 796 562 891 magis
581 795 641 867 illa
657 813 735 886 quae
755 814 871 886 neque
887 791 950 867 suo
966 814 1084 886 neque
1101 816 1175 869 mu·

122 900 184 975 riti
200 898 318 990 vitio,
344 894 403 969 sed
422 893 608 968 dominice
621 890 709 989 le'gir
726 908 883 985 eventu,
907 896 1172 967 amatrimonio

122 1018 201 1077 non
224 994 403 1091 separata,
436 991 495 1066 sed
514 990 655 1084 reiicit,
688 990 763 1084 ejus
789 992 858 1064 erit
877 994 980 1066 etiam
1003 991 1174 1085 defuncti,

123 1098 183 1170 cui
207 1098 312 1171 etiarn
336 1091 504 1167 defuncto
525 1092 757 1167 concordiam
775 1088 909 1164 debet?
932 1090 1052 1182 Aquo
1067 1111 1175 1184 repu-

123 1196 221 1273 dium
242 1212 320 1269 non
343 1193 481 1285 audiit,
513 1212 590 1265 non
609 1190 778 1263 divertit:
812 1192 869 1262 cui
888 1189 1073 1285 repudium
1093 1210 1174 1265 non

122 1292 277 1388 scripsit,
303 1312 383 1365 cum
398 1289 474 1383 ipso
491 1290 559 1362 est:
585 1310 690 1381 quern
704 1287 844 1363 amisrsse
857 1291 996 1380 noluit,
1021 1289 1174 1363 retinet:

122 1394 233 1471 habet
248 1389 365 1465 secum
381 1390 485 1461 animi
500 1389 700 1481 licentiam,
719 1390 777 1479 qui
791 1389 910 1461 omnia
921 1388 1077 1479 homini,
1095 1407 1176 1479 quae

121 1490 341 1581 nonhabet,
361 1488 564 1583 imaginario
579 1487 696 1561 fructu
708 1486 935 1581 representat.
988 1485 1100 1580 Ipsam
1115 1486 1177 1559 de·

120 1592 232 1682 nique
248 1590 433 1683 interrogo
450 1584 635 1661 seminam:
661 1586 731 1660 Dic
750 1584 854 1679 mihi,
879 1584 1005 1681 soror,
1030 1587 1067 1658 in
1084 1607 1177 1680 pace

121 1686 309 1786 pramisrsti
331 1688 449 1759 virum
469 1684 603 1761 tuurni
645 1683 744 1782 Quid
763 1683 1023 1779 respondebit?
1057 1682 1118 1757 An
1136 1686 1178 1761 in

122 1783 325 1863 discordias
359 1782 458 1883 Ergo
483 1786 556 1859 hoc
577 1787 686 1881 magis
708 1786 741 1858 ei
760 1782 881 1879 juudta
903 1782 976 1879 est,
1003 1804 1083 1857 curn
1100 1804 1177 1876 quo

120 1886 234 1963 habet
254 1883 346 1979 apud
365 1883 484 1958 Deum
504 1884 669 1959 caussam:
693 1904 769 1957 non
784 1882 952 1978 discessit,
978 1904 1053 1975 quae
1072 1898 1177 1956 tene-

121 1998 197 2079 tur,
205 1982 264 2059 sed
275 1988 312 2059 in
325 2003 433 2079 pace:
452 2002 540 2079 ergo
552 1980 758 2077 perseveret
769 1984 804 2055 in
817 2006 864 2056 ea
876 1980 1179 2057 cumillonecesse

122 2082 203 2177 est,
237 2104 342 2176 quem
360 2083 432 2174 jam
453 2082 639 2175 repudiare
665 2102 741 2154 non
765 2083 928 2175 poterit:
958 2103 1005 2154 ne
1031 2081 1178 2173 quidem

121 2197 299 2275 nuptura,
325 2182 351 2255 sr
371 2182 558 2275 repudiare
581 2180 763 2279 potuisset
821 2177 1020 2253 Enimvero
1045 2178 1080 2251 u
1104 2200 1177 2273 pro

121 2285 238 2355 anima
264 2281 339 2373 ejus
367 2294 472 2371 orat,
505 2278 781 2374 &refrigerium
805 2281 948 2352 interim
975 2276 1179 2372 adpostulat

121 2381 219 2455 enim
238 2379 273 2452 u
290 2380 329 2451 in
349 2379 462 2472 prima
478 2378 731 2451 resurreetione
746 2378 989 2471 consortium,
1016 2376 1180 2453 &offert

121 2481 247 2553 unnuis
270 2478 393 2551 diebus
415 2478 640 2551 dormitionis
662 2480 748 2571 ejus.
798 2476 893 2551 Nam
912 2479 986 2550 haec
1004 2477 1064 2549 nisr
1082 2477 1179 2552 sece-

120 2578 193 2671 rit,
218 2597 307 2651 vere
325 2576 547 2673 repudiavit,
573 2576 791 2668 quantumin
803 2574 877 2669 ipsa
891 2576 960 2649 est:
986 2580 1020 2649 u
1034 2576 1179 2668 quidem

120 2678 196 2757 hoc
209 2679 381 2769 iniquius,
402 2689 538 2769 quanto
552 2675 737 2768 quomodo
755 2677 894 2769 potuit:
920 2677 1002 2767 quia
1019 2696 1095 2749 non
1107 2697 1175 2768 po·

120 2777 213 2867 tuit,
239 2778 273 2850 dr
293 2778 365 2849 boc
381 2776 576 2873 indignius,
603 2790 738 2868 quanto
748 2778 821 2870 jam
833 2775 1030 2871 indignius,
1052 2776 1178 2865 srquia

120 2894 200 2951 non
218 2878 365 2947 meruit:
393 2889 454 2946 aut
474 2876 635 2965 nunquid
651 2875 736 2948 nibil
756 2876 884 2947 erimus
906 2874 986 2967 post
1005 2888 1176 2967 mortem,

121 2970 312 3047 secundum
332 2974 481 3064 aliquem
494 2970 708 3065 Epicurum,
734 2973 859 3046 &non
876 2972 1063 3045 secundum
1076 2971 1177 3046 Chri·

119 3067 238 3147 stum?
274 3069 370 3164 Quid
389 3072 413 3143 si
433 3071 608 3143 credimus
628 3090 853 3145 mortuorum
868 3070 1174 3164 resurredtionern,

119 3167 247 3258 utique
263 3169 482 3261 tenebimur,
509 3190 591 3243 cum
606 3171 731 3262 quibus
747 3170 972 3244 resurrecturi
989 3169 1104 3243 sumus
1121 3190 1177 3243 rr·

121 3268 262 3343 tionem
277 3265 322 3338 de
337 3268 511 3341 alterutro
524 3269 709 3343 reddituri.
760 3270 798 3341 Si
818 3285 937 3343 autem
956 3272 993 3342 in
1009 3271 1072 3342 illo
1091 3289 1175 3341 evo

118 3392 219 3464 mque
238 3367 359 3438 nubent
379 3391 478 3463 neque
495 3368 677 3455 nudentur,
695 3372 752 3458 fid
770 3388 867 3441 erunt
886 3374 1014 3465 aquales
1035 3370 1174 3461 augelis:

121 3486 199 3540 non
220 3466 304 3538 ideo
325 3485 403 3539 non
420 3466 621 3541 tenebimur
638 3469 848 3565 conjugibus
872 3466 1067 3560 defuntus,
1094 3468 1175 3559 quia

120 3585 198 3639 non
218 3567 287 3637 erit
306 3563 483 3638 restitutio
503 3568 670 3664 conJugii.
721 3568 859 3660 Atquin
878 3589 926 3640 eo
947 3568 1057 3663 magia
1076 3580 1176 3639 tene·

120 3664 258 3755 bimur,
281 3664 363 3755 quia
378 3663 414 3734 in
430 3665 613 3739 meliorem
625 3666 751 3741 statum
765 3666 997 3759 destinamur,
1023 3661 1177 3739 resurre-

120 3760 208 3837 &uri
222 3763 258 3834 in
274 3761 426 3855 spiritale
441 3762 675 3857 consortium,
689 3766 840 3861 agnituri
856 3778 929 3839 tarn
940 3763 1177 3857 nosmetipsor

121 3880 227 3951 quam
245 3859 447 3937 &nostroe
499 3861 676 3937 Caeterum
691 3865 877 3955 quomodo
894 3865 1028 3963 gratias*
1038 3864 1125 3937 Deo
1139 3865 1180 3937 in

121 3971 293 4031 aeternum
314 3981 509 4053 canemus,
541 3962 566 4035 sr
587 3982 664 4035 non
687 3964 844 4037 manebit
859 3965 899 4037 in
919 3964 1026 4036 nobis
1043 3960 1176 4055 sensua,

120 4053 157 4129 u
171 4059 342 4130 memoria
356 4061 466 4135 debiti
484 4057 614 4153 huiusi
638 4060 838 4136 Substantia
856 4082 934 4136 non
958 4060 1178 4135 conscientia

118 4150 403 4235 rummubimur.
462 4158 564 4261 Engo
587 4160 650 4255 qui
671 4178 753 4237 cun
771 4160 858 4239 Deo
883 4162 1041 4275 uinus,
1076 4158 1177 4237 srmul

559 4318 562 4323 -
979 4278 1125 4353 umus,
