2468 4530
130 479 217 557 σοι.
259 472 309 571 Q.
334 466 473 545 Sera.
498 447 645 541 Pion}
670 462 1049 543 Trnruuaraarr
1196 494 1200 509 ·

207 654 266 727 59.
291 630 362 705 Sed
383 629 563 719 futurum,
592 628 734 719 inquis,
766 647 886 699 aevurn
907 629 1058 701 alterius
1079 624 1130 703 est
1148 626 1183 703 di·

133 732 337 829 sposrtionis
362 730 398 801 dt
419 742 577 801 aetcrnae:
611 726 718 821 igitur
746 726 852 818 hujus
875 728 947 799 aevi
973 714 1186 803 substantiam

135 854 215 909 non
235 845 403 907 eternam
423 826 569 899 diversa.
583 824 757 919 possidcre
777 847 854 899 non
877 824 992 921 poii'c.
1048 826 1184 901 Planci

135 934 252 1011 homo
273 943 424 1023 propter
444 922 707 1018 dispositionem
729 926 909 1017 futuram,
943 924 980 997 d
995 948 1076 999 non
1091 926 1184 1021 dispe

137 1030 221 1107 irtio
238 1042 387 1123 propter
405 1026 603 1099 hominem:
628 1024 686 1096 sed
701 1024 795 1098 enirn
808 1020 1017 1117 Apostolus
1034 1024 1183 1117 scribens,

135 1125 401 1218 savemundus,
426 1122 840 1215 srvevita,s1venrorr,
866 1123 1105 1211 sivefutura,
1126 1124 1183 1199 five

136 1223 344 1325 praesentia,
372 1224 493 1295 omnia
507 1220 622 1295 vestra
634 1220 730 1295 sunt:
755 1220 917 1295 Eosdem
934 1212 1182 1299 constituithae·

138 1327 244 1401 redes
268 1326 375 1399 etiam
401 1322 617 1395 futurorum.
674 1320 774 1393 Nihil
800 1322 866 1393 tibi
891 1322 1051 1419 largitur
1071 1324 1181 1413 Esaias,

141 1428 283 1503 dicens:
308 1428 418 1495 Omnis
436 1445 504 1492 carc
520 1420 654 1513 senum.
705 1419 869 1493 Ecalibi:
899 1424 947 1491 Ee
966 1426 1092 1493 videbit
1104 1448 1181 1493 omna

141 1550 215 1599 caro
227 1524 368 1615 finum
386 1524 518 1592 domini.
567 1516 695 1593 Exitus
715 1540 789 1591 non
806 1516 1024 1595 substautias
1041 1521 1181 1597 distinxit

143 1625 237 1725 Quis
252 1623 348 1697 eninr
360 1619 533 1713 iudicium
545 1618 615 1693 Dei
634 1619 763 1693 nonin
784 1615 966 1693 sententia
987 1624 1117 1718 duplici
1136 1620 1183 1695 stt·

27 1712 35 1729 ,
142 1726 216 1799 tuit
229 1724 346 1799 silutis
362 1719 396 1793 δί
411 1716 549 1813 poenae?
566 1726 666 1789 omnis
685 1719 790 1813 igitur
799 1742 869 1787 caro
874 1718 1025 1811 scararum,
1042 1746 1116 1817 quae
1129 1718 1183 1817 igni

143 1822 355 1899 destinatur:
386 1820 422 1891 dt
442 1824 543 1889 omnis
564 1842 635 1889 caro
654 1818 775 1887 uidebit
791 1818 937 1907 [blatan
954 1822 1101 1907 durnini,
1126 1838 1183 1913 qut

143 1922 245 1999 saluti
258 1918 456 1993 ordinatur.
506 1914 586 2013 Ego
613 1938 670 1989 me
692 1914 766 1989 scio
788 1938 907 2009 neque
929 1920 1002 1993 alia
1028 1942 1128 1995 carne
1142 1917 1184 1989 ad·

142 2022 273 2097 ulteria
288 2016 517 2107 cornmifiise,
543 2037 660 2108 neque
682 2035 777 2087 nunc
801 2018 868 2089 alia
889 2038 1005 2091 carne
1027 2020 1072 2093 ad
1093 2016 1184 2093 cont'·

142 2120 301 2198 nentium
322 2118 418 2188 eniti.
476 2114 590 2205 Siquis
613 2114 688 2206 est,
723 2118 805 2187 bina
827 2114 1001 2208 pudenda
1024 2114 1186 2193 circamaie

142 2240 247 2310 rens,
272 2215 392 2308 potest
403 2218 474 2307 jaan
493 2213 528 2285 t
547 2213 689 2287 demere
706 2213 838 2287 foenurn
863 2218 984 2287 carnis
1007 2216 1184 2303 immunda,

143 2318 180 2393 dt
195 2314 304 2391 sclam
317 2314 378 2387 sibi
396 2312 578 2386 reservare
596 2333 673 2404 quae
689 2312 805 2385 visura
822 2314 865 2385 sat
886 2316 1032 2391 domini
1049 2318 1183 2391 salutare

142 2416 216 2493 Sed
242 2434 324 2487 cum
350 2413 443 2485 idem
466 2414 662 2505 prophetes
692 2412 798 2485 etiarn
820 2415 995 2489 nationes
1023 2416 1185 2501 ostendat,

143 2537 242 2595 nunc
259 2514 444 2607 deputatas
462 2514 585 2605 velut,
608 2514 765 2608 pulverea.
780 2512 814 2584 dr
828 2516 993 2599 sativam,
1021 2538 1119 2591 nunc
1133 2512 1187 2607 ipe·

142 2633 281 2693 raturas
306 2613 553 2685 &credituras
577 2618 614 2680 in
634 2637 746 2681 nomm
769 2612 806 2687 U
828 2617 866 2681 in
886 2613 1061 2685 bruchum
1082 2616 1189 2695 donini,

142 2712 361 2807 nunquid&
384 2713 429 2784 de
449 2712 654 2783 nationibus
678 2710 856 2784 fallimur?
893 2710 945 2784 Et
966 2718 1049 2789 aliae
1069 2714 1189 2809 quiden

142 2816 225 2893 sunt
236 2811 446 2903 crediturne,
463 2811 539 2883 aliae
553 2812 589 2883 in
603 2814 789 2906 pulverem
805 2810 1010 2907 deputatae,
1033 2838 1082 2889 ex
1094 2816 1189 2887 diacr-

142 2915 246 2990 iitate
263 2908 485 2983 substantiae?
519 2908 590 2983 Sed
606 2908 812 2983 &Christus
831 2912 927 2983 intra
944 2934 1145 3005 oceanum,
1164 2908 1190 2981 d

144 3012 190 3086 dc
205 3010 272 3083 isto
287 3010 380 3082 coeio
398 3008 496 3100 quod
509 3010 614 3081 nobis
632 3010 833 3101 incumbat,
860 3030 994 3085 verum
1011 3016 1132 3087 lumen
1144 3030 1190 3085 aa·

145 3110 305 3187 tionibus
327 3106 472 3182 offulsit
521 3106 571 3181 Et
589 3108 651 3201 ipsi
664 3108 905 3181 Valentiniani
931 3111 995 3182 hic
1018 3134 1137 3186 errare
1153 3108 1189 3181 di·

144 3212 326 3287 dicerunt:
352 3229 420 3280 nec
441 3208 507 3279 alia
525 3208 594 3279 erit
614 3207 730 3280 forma
753 3208 943 3282 nationum
966 3212 1188 3295 credentium,

143 3312 209 3389 nisi
230 3330 306 3401 quae
326 3306 359 3380 t
381 3327 457 3379 non
481 3306 729 3398 credentium,
762 3305 807 3379 de
832 3326 973 3399 carne,
1013 3312 1061 3385 de
1086 3311 1188 3384 anina

140 3410 246 3487 sieut
267 3428 356 3503 ergo
380 3405 520 3480 easdem
544 3409 709 3479 nationes
729 3427 806 3478 non
829 3424 992 3501 genere,
1033 3408 1093 3483 sed
1114 3408 1201 3483 sorte

141 3508 325 3582 distinxit:
357 3508 409 3578 ita
427 3505 462 3579 dc
479 3527 624 3597 carnes,
651 3526 727 3597 quae
750 3505 787 3577 in
806 3504 884 3597 ipsrs
905 3508 1119 3581 nationibus
1134 3522 1188 3577 unt

142 3606 332 3683 substantia
350 3603 417 3699 est,
443 3626 519 3677 non
535 3607 702 3698 materia,
729 3600 789 3678 sed
802 3603 971 3677 mercede
990 3606 1164 3701 disjunxit

216 3710 276 3781 60.
301 3702 399 3779 Ecce
416 3719 535 3777 autem
553 3719 595 3776 ut
612 3705 728 3777 adhuc
744 3704 1038 3781 controversiam
1060 3720 1202 3799 exnggez

140 3819 224 3879 rant
247 3806 343 3879 carni
366 3805 518 3877 maxime
538 3804 672 3893 eidem,
706 3802 752 3876 de
774 3800 900 3876 officiis
924 3824 1077 3896 quoque
1098 3786 1197 3899 rnen}

139 3904 290 3979 brorum
311 3915 620 4000 argumentantur,
652 3917 713 3977 aut
734 3902 769 3975 dc
788 3898 860 3995 ipsa
878 3900 1045 3977 dicentes
1070 3906 1195 4001 perna?

135 4030 229 4089 nere
252 4006 391 4083 debere
404 4005 448 4079 in
463 4000 535 4077 tun
551 4004 718 4097 tueritne
732 4000 768 4073 dc
791 4000 993 4091 fruitibus,
1029 4018 1070 4075 ut
1091 3998 1193 4075 eideu'

134 4111 395 4219 corpulentia
409 4104 607 4203 adituum
627 4090 1184 4259 autndxaceuuetdneeffiggge
