<?xml version="1.0" encoding="UTF-8"?>
<!DOCTYPE html PUBLIC "-//W3C//DTD XHTML 1.0 Transitional//EN"
    "http://www.w3.org/TR/xhtml1/DTD/xhtml1-transitional.dtd">
<html xmlns="http://www.w3.org/1999/xhtml" xml:lang="en" lang="en">
 <head>
  <title>
</title>
<meta http-equiv="Content-Type" content="text/html;charset=utf-8" />
  <meta name='ocr-system' content='tesseract 3.04.00' />
  <meta name='ocr-capabilities' content='ocr_page ocr_carea ocr_par ocr_line ocrx_word'/>
</head>
<body>
  <div class='ocr_page' id='page_1' title='image "./operaomniasanct03librgoog_0373.png"; bbox 0 0 2400 4590; ppageno 0'>
   <div class='ocr_carea' id='block_1_1' title="bbox 106 496 1016 604">
    <p class='ocr_par' dir='ltr' id='par_1_1' title="bbox 106 496 1016 604">
     <span class='ocr_line' id='line_1_1' title="bbox 106 496 1016 604; baseline -0.004 -26"><span class='ocrx_word' id='word_1_1' title='bbox 106 522 178 601; x_wconf 72' lang='lat'><strong>35⁰</strong></span> <span class='ocrx_word' id='word_1_2' title='bbox 253 502 301 604; x_wconf 90' lang='lat' dir='ltr'><strong>Q.</strong></span> <span class='ocrx_word' id='word_1_3' title='bbox 326 498 462 576; x_wconf 79' lang='lat' dir='ltr'><strong>Sera.</strong></span> <span class='ocrx_word' id='word_1_4' title='bbox 487 496 627 576; x_wconf 78' lang='lat' dir='ltr'><strong>Fron.</strong></span> <span class='ocrx_word' id='word_1_5' title='bbox 651 497 1016 575; x_wconf 77' lang='lat' dir='ltr'><strong>Tannuaarnrar</strong></span> 
     </span>
    </p>
   </div>
   <div class='ocr_carea' id='block_1_2' title="bbox 60 658 1175 4330">
    <p class='ocr_par' dir='ltr' id='par_1_2' title="bbox 60 658 1170 1557">
     <span class='ocr_line' id='line_1_2' title="bbox 103 658 1170 756; baseline -0.002 -17"><span class='ocrx_word' id='word_1_6' title='bbox 103 684 163 739; x_wconf 88' lang='lat' dir='ltr'><strong>res</strong></span> <span class='ocrx_word' id='word_1_7' title='bbox 176 661 412 756; x_wconf 86' lang='lat' dir='ltr'><strong>videbantur,</strong></span> <span class='ocrx_word' id='word_1_8' title='bbox 428 660 536 735; x_wconf 85' lang='lat' dir='ltr'><strong>&amp;ille</strong></span> <span class='ocrx_word' id='word_1_9' title='bbox 553 658 674 735; x_wconf 89' lang='lat' dir='ltr'><strong>versus</strong></span> <span class='ocrx_word' id='word_1_10' title='bbox 688 660 827 755; x_wconf 84' lang='lat' dir='ltr'><strong>Orphei</strong></span> <span class='ocrx_word' id='word_1_11' title='bbox 844 663 905 736; x_wconf 92' lang='lat' dir='ltr'><strong>vel</strong></span> <span class='ocrx_word' id='word_1_12' title='bbox 917 660 1170 755; x_wconf 82' lang='lat' dir='ltr'><strong>Empedoclist</strong></span> 
     </span>
     <span class='ocr_line' id='line_1_3' title="bbox 103 759 1169 857; baseline -0.003 -18"><span class='ocrx_word' id='word_1_13' title='bbox 103 783 259 855; x_wconf 87' lang='lat' dir='ltr'><strong>namque</strong></span> <span class='ocrx_word' id='word_1_14' title='bbox 280 762 435 837; x_wconf 86' lang='lat' dir='ltr'><strong>hominis</strong></span> <span class='ocrx_word' id='word_1_15' title='bbox 462 760 599 857; x_wconf 85' lang='lat' dir='ltr'><strong>sanguis</strong></span> <span class='ocrx_word' id='word_1_16' title='bbox 626 761 927 835; x_wconf 86' lang='lat' dir='ltr'><strong>circumcordialis</strong></span> <span class='ocrx_word' id='word_1_17' title='bbox 954 761 1006 835; x_wconf 90' lang='lat' dir='ltr'><strong>est</strong></span> <span class='ocrx_word' id='word_1_18' title='bbox 1032 759 1169 857; x_wconf 87' lang='lat' dir='ltr'><strong>sensus,</strong></span> 
     </span>
     <span class='ocr_line' id='line_1_4' title="bbox 106 858 1170 958; baseline -0.005 -18"><span class='ocrx_word' id='word_1_19' title='bbox 106 864 214 940; x_wconf 88' lang='lat' dir='ltr'><strong>etiam</strong></span> <span class='ocrx_word' id='word_1_20' title='bbox 231 861 475 958; x_wconf 83' lang='lat' dir='ltr'>Protagoras,</span> <span class='ocrx_word' id='word_1_21' title='bbox 501 860 608 934; x_wconf 93' lang='lat' dir='ltr'><strong>etiam</strong></span> <span class='ocrx_word' id='word_1_22' title='bbox 628 858 880 955; x_wconf 87' lang='lat' dir='ltr'><strong>Apollodorus</strong></span> <span class='ocrx_word' id='word_1_23' title='bbox 899 858 1170 957; x_wconf 80' lang='lat' dir='ltr'><strong>&amp;Chrysippus</strong></span> 
     </span>
     <span class='ocr_line' id='line_1_5' title="bbox 60 955 1170 1056; baseline -0.002 -19"><span class='ocrx_word' id='word_1_24' title='bbox 60 968 65 979; x_wconf 91' lang='lat'>&#39;</span> <span class='ocrx_word' id='word_1_25' title='bbox 105 964 183 1039; x_wconf 85' lang='lat' dir='ltr'><strong>haec</strong></span> <span class='ocrx_word' id='word_1_26' title='bbox 200 960 360 1056; x_wconf 90' lang='lat' dir='ltr'><strong>sapiunt,</strong></span> <span class='ocrx_word' id='word_1_27' title='bbox 392 974 434 1032; x_wconf 95' lang='lat' dir='ltr'><strong>ut</strong></span> <span class='ocrx_word' id='word_1_28' title='bbox 455 959 518 1034; x_wconf 93' lang='lat' dir='ltr'><strong>vel</strong></span> <span class='ocrx_word' id='word_1_29' title='bbox 538 961 582 1034; x_wconf 91' lang='lat' dir='ltr'><strong>ab</strong></span> <span class='ocrx_word' id='word_1_30' title='bbox 605 958 677 1033; x_wconf 88' lang='lat' dir='ltr'><strong>istis</strong></span> <span class='ocrx_word' id='word_1_31' title='bbox 702 955 840 1035; x_wconf 86' lang='lat' dir='ltr'><strong>retusus</strong></span> <span class='ocrx_word' id='word_1_32' title='bbox 855 958 1086 1053; x_wconf 85' lang='lat' dir='ltr'><strong>Asclepiades</strong></span> <span class='ocrx_word' id='word_1_33' title='bbox 1113 982 1170 1035; x_wconf 89' lang='lat' dir='ltr'><strong>ca·</strong></span> 
     </span>
     <span class='ocr_line' id='line_1_6' title="bbox 104 1057 1169 1157; baseline 0.001 -23"><span class='ocrx_word' id='word_1_34' title='bbox 104 1082 188 1157; x_wconf 84' lang='lat' dir='ltr'><strong>pras</strong></span> <span class='ocrx_word' id='word_1_35' title='bbox 206 1059 284 1135; x_wconf 91' lang='lat' dir='ltr'><strong>suas</strong></span> <span class='ocrx_word' id='word_1_36' title='bbox 300 1073 432 1154; x_wconf 86' lang='lat' dir='ltr'><strong>quaerat</strong></span> <span class='ocrx_word' id='word_1_37' title='bbox 454 1060 526 1134; x_wconf 91' lang='lat' dir='ltr'><strong>srne</strong></span> <span class='ocrx_word' id='word_1_38' title='bbox 543 1058 655 1132; x_wconf 89' lang='lat' dir='ltr'><strong>corde</strong></span> <span class='ocrx_word' id='word_1_39' title='bbox 673 1060 856 1153; x_wconf 85' lang='lat' dir='ltr'><strong>balantes,</strong></span> <span class='ocrx_word' id='word_1_40' title='bbox 882 1060 916 1132; x_wconf 85' lang='lat' dir='ltr'><strong>dt</strong></span> <span class='ocrx_word' id='word_1_41' title='bbox 934 1057 1069 1133; x_wconf 91' lang='lat' dir='ltr'><strong>muscas</strong></span> <span class='ocrx_word' id='word_1_42' title='bbox 1090 1058 1169 1135; x_wconf 88' lang='lat' dir='ltr'><strong>suas</strong></span> 
     </span>
     <span class='ocr_line' id='line_1_7' title="bbox 108 1158 1170 1255; baseline 0 -20"><span class='ocrx_word' id='word_1_43' title='bbox 108 1162 226 1255; x_wconf 79' lang='lat' dir='ltr'><strong>abigat</strong></span> <span class='ocrx_word' id='word_1_44' title='bbox 248 1160 320 1233; x_wconf 86' lang='lat' dir='ltr'><strong>fine</strong></span> <span class='ocrx_word' id='word_1_45' title='bbox 343 1161 459 1253; x_wconf 90' lang='lat' dir='ltr'><strong>capite</strong></span> <span class='ocrx_word' id='word_1_46' title='bbox 478 1160 692 1235; x_wconf 83' lang='lat' dir='ltr'><strong>volitantes:</strong></span> <span class='ocrx_word' id='word_1_47' title='bbox 718 1159 896 1233; x_wconf 88' lang='lat' dir='ltr'><strong>&amp;omnes</strong></span> <span class='ocrx_word' id='word_1_48' title='bbox 914 1160 985 1252; x_wconf 83' lang='lat' dir='ltr'><strong>jam</strong></span> <span class='ocrx_word' id='word_1_49' title='bbox 1002 1158 1117 1233; x_wconf 89' lang='lat' dir='ltr'><strong>sciant</strong></span> <span class='ocrx_word' id='word_1_50' title='bbox 1133 1160 1170 1235; x_wconf 88' lang='lat' dir='ltr'><strong>se</strong></span> 
     </span>
     <span class='ocr_line' id='line_1_8' title="bbox 105 1257 1169 1358; baseline 0 -25"><span class='ocrx_word' id='word_1_51' title='bbox 105 1262 230 1358; x_wconf 86' lang='lat' dir='ltr'><strong>potius</strong></span> <span class='ocrx_word' id='word_1_52' title='bbox 247 1259 320 1333; x_wconf 85' lang='lat' dir='ltr'><strong>fine</strong></span> <span class='ocrx_word' id='word_1_53' title='bbox 338 1258 452 1332; x_wconf 90' lang='lat' dir='ltr'><strong>corde</strong></span> <span class='ocrx_word' id='word_1_54' title='bbox 474 1258 509 1331; x_wconf 81' lang='lat' dir='ltr'><strong>dt</strong></span> <span class='ocrx_word' id='word_1_55' title='bbox 531 1260 682 1332; x_wconf 87' lang='lat' dir='ltr'><strong>cerebro</strong></span> <span class='ocrx_word' id='word_1_56' title='bbox 704 1259 855 1353; x_wconf 92' lang='lat' dir='ltr'><strong>vivere,</strong></span> <span class='ocrx_word' id='word_1_57' title='bbox 891 1260 951 1351; x_wconf 93' lang='lat' dir='ltr'><strong>qui</strong></span> <span class='ocrx_word' id='word_1_58' title='bbox 970 1257 1169 1352; x_wconf 78' lang='lat' dir='ltr'><strong>dispositio·</strong></span> 
     </span>
     <span class='ocr_line' id='line_1_9' title="bbox 105 1357 1170 1457; baseline -0.003 -21"><span class='ocrx_word' id='word_1_59' title='bbox 105 1382 190 1437; x_wconf 87' lang='lat' dir='ltr'><strong>nem</strong></span> <span class='ocrx_word' id='word_1_60' title='bbox 214 1361 338 1433; x_wconf 78' lang='lat' dir='ltr'><strong>anima</strong></span> <span class='ocrx_word' id='word_1_61' title='bbox 362 1359 523 1433; x_wconf 80' lang='lat' dir='ltr'><strong>humana</strong></span> <span class='ocrx_word' id='word_1_62' title='bbox 549 1358 593 1433; x_wconf 87' lang='lat' dir='ltr'><strong>de</strong></span> <span class='ocrx_word' id='word_1_63' title='bbox 623 1358 835 1433; x_wconf 89' lang='lat' dir='ltr'><strong>conditione</strong></span> <span class='ocrx_word' id='word_1_64' title='bbox 861 1357 1051 1433; x_wconf 84' lang='lat' dir='ltr'><strong>bestiarum</strong></span> <span class='ocrx_word' id='word_1_65' title='bbox 1079 1380 1170 1457; x_wconf 83' lang='lat' dir='ltr'><strong>prae·</strong></span> 
     </span>
     <span class='ocr_line' id='line_1_10' title="bbox 101 1459 355 1557; baseline -0.008 -22"><span class='ocrx_word' id='word_1_66' title='bbox 101 1459 355 1557; x_wconf 87' lang='lat' dir='ltr'><strong>judicaverint.</strong></span> 
     </span>
    </p>

    <p class='ocr_par' dir='ltr' id='par_1_3' title="bbox 106 1552 1175 4259">
     <span class='ocr_line' id='line_1_11' title="bbox 189 1552 1170 1650; baseline 0 -17"><span class='ocrx_word' id='word_1_67' title='bbox 189 1562 245 1633; x_wconf 88' lang='lat'><strong>16.</strong></span> <span class='ocrx_word' id='word_1_68' title='bbox 269 1558 333 1633; x_wconf 87' lang='lat' dir='ltr'><strong>Est</strong></span> <span class='ocrx_word' id='word_1_69' title='bbox 354 1558 389 1631; x_wconf 80' lang='lat' dir='ltr'><strong>dt</strong></span> <span class='ocrx_word' id='word_1_70' title='bbox 409 1556 498 1631; x_wconf 90' lang='lat' dir='ltr'><strong>illud</strong></span> <span class='ocrx_word' id='word_1_71' title='bbox 519 1555 564 1631; x_wconf 91' lang='lat' dir='ltr'><strong>ad</strong></span> <span class='ocrx_word' id='word_1_72' title='bbox 580 1552 688 1631; x_wconf 88' lang='lat' dir='ltr'><strong>fidem</strong></span> <span class='ocrx_word' id='word_1_73' title='bbox 711 1555 916 1650; x_wconf 86' lang='lat' dir='ltr'><strong>pertinens,</strong></span> <span class='ocrx_word' id='word_1_74' title='bbox 946 1557 1046 1649; x_wconf 91' lang='lat' dir='ltr'><strong>quod</strong></span> <span class='ocrx_word' id='word_1_75' title='bbox 1062 1556 1170 1633; x_wconf 87' lang='lat' dir='ltr'><strong>Plato</strong></span> 
     </span>
     <span class='ocr_line' id='line_1_12' title="bbox 106 1656 1170 1751; baseline -0.006 -12"><span class='ocrx_word' id='word_1_76' title='bbox 106 1660 269 1739; x_wconf 85' lang='lat' dir='ltr'><strong>bifariam</strong></span> <span class='ocrx_word' id='word_1_77' title='bbox 288 1658 442 1751; x_wconf 84' lang='lat' dir='ltr'><strong>partitur</strong></span> <span class='ocrx_word' id='word_1_78' title='bbox 466 1656 638 1751; x_wconf 65' lang='lat' dir='ltr'><strong>animum</strong></span> <span class='ocrx_word' id='word_1_79' title='bbox 662 1676 727 1749; x_wconf 88' lang='lat' dir='ltr'><strong>per</strong></span> <span class='ocrx_word' id='word_1_80' title='bbox 744 1656 957 1729; x_wconf 87' lang='lat' dir='ltr'><strong>rationalem</strong></span> <span class='ocrx_word' id='word_1_81' title='bbox 977 1657 1170 1733; x_wconf 84' lang='lat' dir='ltr'><strong>&amp;irratio-</strong></span> 
     </span>
     <span class='ocr_line' id='line_1_13' title="bbox 106 1754 1169 1856; baseline -0.004 -19"><span class='ocrx_word' id='word_1_82' title='bbox 106 1764 236 1837; x_wconf 83' lang='lat' dir='ltr'><strong>nalem</strong></span> <span class='ocrx_word' id='word_1_83' title='bbox 288 1756 356 1831; x_wconf 90' lang='lat' dir='ltr'><strong>Cui</strong></span> <span class='ocrx_word' id='word_1_84' title='bbox 378 1754 583 1831; x_wconf 89' lang='lat' dir='ltr'><strong>definitioni</strong></span> <span class='ocrx_word' id='word_1_85' title='bbox 605 1756 641 1830; x_wconf 87' lang='lat' dir='ltr'><strong>dt</strong></span> <span class='ocrx_word' id='word_1_86' title='bbox 661 1775 732 1828; x_wconf 86' lang='lat' dir='ltr'><strong>nos</strong></span> <span class='ocrx_word' id='word_1_87' title='bbox 750 1755 893 1849; x_wconf 91' lang='lat' dir='ltr'><strong>quidem</strong></span> <span class='ocrx_word' id='word_1_88' title='bbox 910 1756 1169 1856; x_wconf 87' lang='lat' dir='ltr'><strong>adplaudimus,</strong></span> 
     </span>
     <span class='ocr_line' id='line_1_14' title="bbox 106 1856 1171 1949; baseline -0.002 -12"><span class='ocrx_word' id='word_1_89' title='bbox 106 1858 168 1939; x_wconf 82' lang='lat' dir='ltr'><strong>sed</strong></span> <span class='ocrx_word' id='word_1_90' title='bbox 190 1880 268 1933; x_wconf 92' lang='lat' dir='ltr'><strong>non</strong></span> <span class='ocrx_word' id='word_1_91' title='bbox 290 1872 333 1931; x_wconf 91' lang='lat' dir='ltr'><strong>ut</strong></span> <span class='ocrx_word' id='word_1_92' title='bbox 354 1872 490 1931; x_wconf 83' lang='lat' dir='ltr'><strong>naturae</strong></span> <span class='ocrx_word' id='word_1_93' title='bbox 514 1857 707 1949; x_wconf 89' lang='lat' dir='ltr'><strong>deputetur</strong></span> <span class='ocrx_word' id='word_1_94' title='bbox 729 1868 932 1947; x_wconf 89' lang='lat' dir='ltr'><strong>utrumque.</strong></span> <span class='ocrx_word' id='word_1_95' title='bbox 991 1856 1171 1935; x_wconf 81' lang='lat' dir='ltr'><strong>Naturale</strong></span> 
     </span>
     <span class='ocr_line' id='line_1_15' title="bbox 107 1952 1171 2051; baseline -0.003 -14"><span class='ocrx_word' id='word_1_96' title='bbox 107 1962 206 2037; x_wconf 85' lang='lat' dir='ltr'><strong>enirn</strong></span> <span class='ocrx_word' id='word_1_97' title='bbox 218 1958 395 2033; x_wconf 89' lang='lat' dir='ltr'><strong>rationale</strong></span> <span class='ocrx_word' id='word_1_98' title='bbox 411 1956 628 2032; x_wconf 88' lang='lat' dir='ltr'><strong>credendum</strong></span> <span class='ocrx_word' id='word_1_99' title='bbox 642 1952 713 2048; x_wconf 92' lang='lat' dir='ltr'><strong>est,</strong></span> <span class='ocrx_word' id='word_1_100' title='bbox 733 1956 832 2046; x_wconf 93' lang='lat' dir='ltr'><strong>quod</strong></span> <span class='ocrx_word' id='word_1_101' title='bbox 847 1956 970 2029; x_wconf 86' lang='lat' dir='ltr'><strong>animae</strong></span> <span class='ocrx_word' id='word_1_102' title='bbox 985 1979 1006 2029; x_wconf 92' lang='lat' dir='ltr'><strong>a</strong></span> <span class='ocrx_word' id='word_1_103' title='bbox 1019 1959 1171 2051; x_wconf 87' lang='lat' dir='ltr'><strong>prirnor-</strong></span> 
     </span>
     <span class='ocr_line' id='line_1_16' title="bbox 107 2050 1169 2173; baseline 0 -39"><span class='ocrx_word' id='word_1_104' title='bbox 107 2060 174 2135; x_wconf 91' lang='lat' dir='ltr'><strong>dio</strong></span> <span class='ocrx_word' id='word_1_105' title='bbox 182 2059 226 2133; x_wconf 86' lang='lat' dir='ltr'><strong>sn</strong></span> <span class='ocrx_word' id='word_1_106' title='bbox 237 2058 455 2155; x_wconf 87' lang='lat' dir='ltr'><strong>ingenitum,</strong></span> <span class='ocrx_word' id='word_1_107' title='bbox 475 2055 677 2129; x_wconf 91' lang='lat' dir='ltr'><strong>arationali</strong></span> <span class='ocrx_word' id='word_1_108' title='bbox 692 2052 863 2127; x_wconf 89' lang='lat' dir='ltr'><strong>videlicet</strong></span> <span class='ocrx_word' id='word_1_109' title='bbox 875 2050 1032 2131; x_wconf 72' lang='lat' dir='ltr'><strong>aridiore.</strong></span> <span class='ocrx_word' id='word_1_110' title='bbox 1069 2060 1169 2173; x_wconf 84' lang='lat' dir='ltr'><strong>Quid</strong></span> 
     </span>
     <span class='ocr_line' id='line_1_17' title="bbox 110 2151 1167 2248; baseline -0.001 -14"><span class='ocrx_word' id='word_1_111' title='bbox 110 2161 206 2234; x_wconf 88' lang='lat' dir='ltr'><strong>eninr</strong></span> <span class='ocrx_word' id='word_1_112' title='bbox 226 2179 304 2231; x_wconf 92' lang='lat' dir='ltr'><strong>non</strong></span> <span class='ocrx_word' id='word_1_113' title='bbox 318 2157 516 2247; x_wconf 88' lang='lat' dir='ltr'><strong>rationale,</strong></span> <span class='ocrx_word' id='word_1_114' title='bbox 542 2154 642 2246; x_wconf 91' lang='lat' dir='ltr'><strong>quod</strong></span> <span class='ocrx_word' id='word_1_115' title='bbox 659 2153 760 2227; x_wconf 89' lang='lat' dir='ltr'><strong>Deus</strong></span> <span class='ocrx_word' id='word_1_116' title='bbox 775 2151 867 2246; x_wconf 85' lang='lat' dir='ltr'><strong>jussu</strong></span> <span class='ocrx_word' id='word_1_117' title='bbox 888 2177 1032 2248; x_wconf 86' lang='lat' dir='ltr'><strong>quoque</strong></span> <span class='ocrx_word' id='word_1_118' title='bbox 1051 2160 1167 2233; x_wconf 79' lang='lat' dir='ltr'><strong>edide-</strong></span> 
     </span>
     <span class='ocr_line' id='line_1_18' title="bbox 107 2252 1169 2349; baseline 0 -19"><span class='ocrx_word' id='word_1_119' title='bbox 107 2259 179 2349; x_wconf 89' lang='lat' dir='ltr'><strong>rit,</strong></span> <span class='ocrx_word' id='word_1_120' title='bbox 205 2255 336 2328; x_wconf 90' lang='lat' dir='ltr'><strong>nedum</strong></span> <span class='ocrx_word' id='word_1_121' title='bbox 357 2255 394 2329; x_wconf 92' lang='lat' dir='ltr'><strong>id</strong></span> <span class='ocrx_word' id='word_1_122' title='bbox 413 2255 511 2346; x_wconf 93' lang='lat' dir='ltr'><strong>quod</strong></span> <span class='ocrx_word' id='word_1_123' title='bbox 526 2254 673 2348; x_wconf 88' lang='lat' dir='ltr'><strong>proprie</strong></span> <span class='ocrx_word' id='word_1_124' title='bbox 688 2252 820 2326; x_wconf 86' lang='lat' dir='ltr'><strong>adflatu</strong></span> <span class='ocrx_word' id='word_1_125' title='bbox 834 2254 897 2327; x_wconf 91' lang='lat' dir='ltr'><strong>suo</strong></span> <span class='ocrx_word' id='word_1_126' title='bbox 914 2256 1092 2332; x_wconf 70' lang='lat' dir='ltr'><strong>emiserit?</strong></span> <span class='ocrx_word' id='word_1_127' title='bbox 1118 2258 1169 2332; x_wconf 89' lang='lat' dir='ltr'><strong>lr-</strong></span> 
     </span>
     <span class='ocr_line' id='line_1_19' title="bbox 107 2353 1171 2452; baseline 0.003 -21"><span class='ocrx_word' id='word_1_128' title='bbox 107 2356 285 2431; x_wconf 92' lang='lat' dir='ltr'><strong>rationale</strong></span> <span class='ocrx_word' id='word_1_129' title='bbox 303 2368 422 2428; x_wconf 89' lang='lat' dir='ltr'><strong>autem</strong></span> <span class='ocrx_word' id='word_1_130' title='bbox 437 2353 613 2448; x_wconf 86' lang='lat' dir='ltr'><strong>posterius</strong></span> <span class='ocrx_word' id='word_1_131' title='bbox 635 2353 904 2449; x_wconf 86' lang='lat' dir='ltr'><strong>intelligendum</strong></span> <span class='ocrx_word' id='word_1_132' title='bbox 918 2354 989 2450; x_wconf 87' lang='lat' dir='ltr'><strong>est,</strong></span> <span class='ocrx_word' id='word_1_133' title='bbox 1016 2374 1059 2430; x_wconf 92' lang='lat' dir='ltr'><strong>ut</strong></span> <span class='ocrx_word' id='word_1_134' title='bbox 1072 2362 1171 2452; x_wconf 92' lang='lat' dir='ltr'><strong>quod</strong></span> 
     </span>
     <span class='ocr_line' id='line_1_20' title="bbox 110 2452 1170 2555; baseline 0.003 -24"><span class='ocrx_word' id='word_1_135' title='bbox 110 2456 281 2531; x_wconf 81' lang='lat' dir='ltr'><strong>acciderit</strong></span> <span class='ocrx_word' id='word_1_136' title='bbox 295 2477 341 2529; x_wconf 85' lang='lat' dir='ltr'><strong>ex</strong></span> <span class='ocrx_word' id='word_1_137' title='bbox 358 2452 527 2548; x_wconf 86' lang='lat' dir='ltr'><strong>serpentis</strong></span> <span class='ocrx_word' id='word_1_138' title='bbox 544 2454 729 2547; x_wconf 77' lang='lat' dir='ltr'><strong>instindin,</strong></span> <span class='ocrx_word' id='word_1_139' title='bbox 755 2453 865 2547; x_wconf 90' lang='lat' dir='ltr'><strong>ipsum</strong></span> <span class='ocrx_word' id='word_1_140' title='bbox 879 2456 966 2529; x_wconf 92' lang='lat' dir='ltr'><strong>illud</strong></span> <span class='ocrx_word' id='word_1_141' title='bbox 982 2459 1170 2555; x_wconf 85' lang='lat' dir='ltr'><strong>transgres-</strong></span> 
     </span>
     <span class='ocr_line' id='line_1_21' title="bbox 109 2552 1171 2648; baseline 0.002 -15"><span class='ocrx_word' id='word_1_142' title='bbox 109 2558 217 2633; x_wconf 86' lang='lat' dir='ltr'><strong>sionis</strong></span> <span class='ocrx_word' id='word_1_143' title='bbox 234 2552 426 2648; x_wconf 79' lang='lat' dir='ltr'><strong>admissum,</strong></span> <span class='ocrx_word' id='word_1_144' title='bbox 438 2569 546 2647; x_wconf 89' lang='lat' dir='ltr'><strong>atque</strong></span> <span class='ocrx_word' id='word_1_145' title='bbox 556 2556 685 2629; x_wconf 88' lang='lat' dir='ltr'><strong>exinde</strong></span> <span class='ocrx_word' id='word_1_146' title='bbox 698 2556 895 2629; x_wconf 85' lang='lat' dir='ltr'><strong>inoleverit</strong></span> <span class='ocrx_word' id='word_1_147' title='bbox 906 2556 939 2628; x_wconf 71' lang='grc' dir='ltr'><strong>ἃ</strong></span> <span class='ocrx_word' id='word_1_148' title='bbox 952 2558 1171 2635; x_wconf 88' lang='lat' dir='ltr'><strong>coadoleve-</strong></span> 
     </span>
     <span class='ocr_line' id='line_1_22' title="bbox 109 2654 1170 2750; baseline 0.004 -19"><span class='ocrx_word' id='word_1_149' title='bbox 109 2660 159 2731; x_wconf 91' lang='lat' dir='ltr'><strong>rit</strong></span> <span class='ocrx_word' id='word_1_150' title='bbox 172 2659 209 2731; x_wconf 93' lang='lat' dir='ltr'><strong>in</strong></span> <span class='ocrx_word' id='word_1_151' title='bbox 226 2657 341 2730; x_wconf 91' lang='lat' dir='ltr'><strong>anima</strong></span> <span class='ocrx_word' id='word_1_152' title='bbox 362 2654 512 2729; x_wconf 89' lang='lat' dir='ltr'><strong>adinstar</strong></span> <span class='ocrx_word' id='word_1_153' title='bbox 528 2655 600 2747; x_wconf 90' lang='lat' dir='ltr'><strong>jam</strong></span> <span class='ocrx_word' id='word_1_154' title='bbox 620 2656 877 2750; x_wconf 88' lang='lat' dir='ltr'><strong>naturalitatis,</strong></span> <span class='ocrx_word' id='word_1_155' title='bbox 905 2660 985 2748; x_wconf 85' lang='lat' dir='ltr'><strong>qnia</strong></span> <span class='ocrx_word' id='word_1_156' title='bbox 1002 2658 1120 2735; x_wconf 89' lang='lat' dir='ltr'><strong>statim</strong></span> <span class='ocrx_word' id='word_1_157' title='bbox 1133 2663 1170 2735; x_wconf 91' lang='lat' dir='ltr'><strong>in</strong></span> 
     </span>
     <span class='ocr_line' id='line_1_23' title="bbox 109 2754 1170 2849; baseline 0.003 -17"><span class='ocrx_word' id='word_1_158' title='bbox 109 2770 245 2833; x_wconf 86' lang='lat' dir='ltr'><strong>naturae</strong></span> <span class='ocrx_word' id='word_1_159' title='bbox 260 2755 457 2849; x_wconf 90' lang='lat' dir='ltr'><strong>primordio</strong></span> <span class='ocrx_word' id='word_1_160' title='bbox 473 2756 612 2830; x_wconf 88' lang='lat' dir='ltr'><strong>accidit.</strong></span> <span class='ocrx_word' id='word_1_161' title='bbox 656 2754 825 2830; x_wconf 85' lang='lat' dir='ltr'><strong>Ceterum</strong></span> <span class='ocrx_word' id='word_1_162' title='bbox 837 2777 945 2847; x_wconf 93' lang='lat' dir='ltr'><strong>quum</strong></span> <span class='ocrx_word' id='word_1_163' title='bbox 959 2759 1052 2832; x_wconf 88' lang='lat' dir='ltr'><strong>idem</strong></span> <span class='ocrx_word' id='word_1_164' title='bbox 1065 2760 1170 2835; x_wconf 88' lang='lat' dir='ltr'><strong>Plato</strong></span> 
     </span>
     <span class='ocr_line' id='line_1_24' title="bbox 110 2855 1169 2949; baseline 0.003 -17"><span class='ocrx_word' id='word_1_165' title='bbox 110 2857 225 2932; x_wconf 89' lang='lat' dir='ltr'><strong>solum</strong></span> <span class='ocrx_word' id='word_1_166' title='bbox 239 2855 416 2929; x_wconf 83' lang='lat' dir='ltr'><strong>rationale</strong></span> <span class='ocrx_word' id='word_1_167' title='bbox 431 2855 550 2949; x_wconf 90' lang='lat' dir='ltr'><strong>dicat,</strong></span> <span class='ocrx_word' id='word_1_168' title='bbox 580 2869 624 2928; x_wconf 92' lang='lat' dir='ltr'><strong>ut</strong></span> <span class='ocrx_word' id='word_1_169' title='bbox 642 2857 678 2929; x_wconf 90' lang='lat' dir='ltr'><strong>in</strong></span> <span class='ocrx_word' id='word_1_170' title='bbox 695 2858 809 2931; x_wconf 90' lang='lat' dir='ltr'><strong>anima</strong></span> <span class='ocrx_word' id='word_1_171' title='bbox 821 2855 892 2928; x_wconf 90' lang='lat' dir='ltr'><strong>Dei</strong></span> <span class='ocrx_word' id='word_1_172' title='bbox 907 2859 1032 2947; x_wconf 77' lang='lat' dir='ltr'><strong>ipsius,</strong></span> <span class='ocrx_word' id='word_1_173' title='bbox 1059 2860 1169 2935; x_wconf 80' lang='lat' dir='ltr'><strong>sinos</strong></span> 
     </span>
     <span class='ocr_line' id='line_1_25' title="bbox 110 2955 1171 3049; baseline 0.005 -20"><span class='ocrx_word' id='word_1_174' title='bbox 110 2957 218 3030; x_wconf 87' lang='lat' dir='ltr'><strong>etiam</strong></span> <span class='ocrx_word' id='word_1_175' title='bbox 234 2956 440 3027; x_wconf 89' lang='lat' dir='ltr'><strong>irrationale</strong></span> <span class='ocrx_word' id='word_1_176' title='bbox 453 2970 589 3029; x_wconf 81' lang='lat' dir='ltr'><strong>natura</strong></span> <span class='ocrx_word' id='word_1_177' title='bbox 605 2955 903 3049; x_wconf 67' lang='lat' dir='ltr'><strong>adscripserim,</strong></span> <span class='ocrx_word' id='word_1_178' title='bbox 928 2975 1032 3046; x_wconf 90' lang='lat' dir='ltr'><strong>quam</strong></span> <span class='ocrx_word' id='word_1_179' title='bbox 1048 2979 1067 3026; x_wconf 91' lang='lat' dir='ltr'><strong>a</strong></span> <span class='ocrx_word' id='word_1_180' title='bbox 1084 2958 1171 3035; x_wconf 88' lang='lat' dir='ltr'><strong>Deo</strong></span> 
     </span>
     <span class='ocr_line' id='line_1_26' title="bbox 111 3050 1173 3149; baseline -0.001 -19"><span class='ocrx_word' id='word_1_181' title='bbox 111 3056 227 3130; x_wconf 90' lang='lat' dir='ltr'><strong>anima</strong></span> <span class='ocrx_word' id='word_1_182' title='bbox 252 3053 375 3127; x_wconf 90' lang='lat' dir='ltr'><strong>nostra</strong></span> <span class='ocrx_word' id='word_1_183' title='bbox 394 3050 523 3128; x_wconf 88' lang='lat' dir='ltr'><strong>sortita</strong></span> <span class='ocrx_word' id='word_1_184' title='bbox 545 3054 623 3149; x_wconf 87' lang='lat' dir='ltr'><strong>est,</strong></span> <span class='ocrx_word' id='word_1_185' title='bbox 660 3076 759 3147; x_wconf 85' lang='lat' dir='ltr'><strong>oeque</strong></span> <span class='ocrx_word' id='word_1_186' title='bbox 784 3053 990 3127; x_wconf 90' lang='lat' dir='ltr'><strong>irrationale</strong></span> <span class='ocrx_word' id='word_1_187' title='bbox 1013 3054 1058 3125; x_wconf 94' lang='lat' dir='ltr'><strong>de</strong></span> <span class='ocrx_word' id='word_1_188' title='bbox 1081 3056 1173 3135; x_wconf 87' lang='lat' dir='ltr'><strong>Deo</strong></span> 
     </span>
     <span class='ocr_line' id='line_1_27' title="bbox 111 3151 1172 3249; baseline -0.001 -20"><span class='ocrx_word' id='word_1_189' title='bbox 111 3156 199 3229; x_wconf 86' lang='lat' dir='ltr'><strong>erit:</strong></span> <span class='ocrx_word' id='word_1_190' title='bbox 224 3166 356 3246; x_wconf 87' lang='lat' dir='ltr'><strong>utpote</strong></span> <span class='ocrx_word' id='word_1_191' title='bbox 379 3157 560 3249; x_wconf 91' lang='lat' dir='ltr'><strong>naturale,</strong></span> <span class='ocrx_word' id='word_1_192' title='bbox 588 3154 668 3249; x_wconf 92' lang='lat' dir='ltr'><strong>quia</strong></span> <span class='ocrx_word' id='word_1_193' title='bbox 684 3167 819 3227; x_wconf 83' lang='lat' dir='ltr'><strong>naturae</strong></span> <span class='ocrx_word' id='word_1_194' title='bbox 834 3151 934 3227; x_wconf 90' lang='lat' dir='ltr'><strong>Deus</strong></span> <span class='ocrx_word' id='word_1_195' title='bbox 960 3152 1082 3225; x_wconf 79' lang='lat' dir='ltr'><strong>audior</strong></span> <span class='ocrx_word' id='word_1_196' title='bbox 1107 3158 1172 3237; x_wconf 67' lang='lat' dir='ltr'><strong>eit</strong></span> 
     </span>
     <span class='ocr_line' id='line_1_28' title="bbox 111 3251 1172 3331; baseline 0.002 -2"><span class='ocrx_word' id='word_1_197' title='bbox 111 3253 184 3329; x_wconf 86' lang='lat' dir='ltr'><strong>Sed</strong></span> <span class='ocrx_word' id='word_1_198' title='bbox 205 3254 301 3329; x_wconf 89' lang='lat' dir='ltr'><strong>enim</strong></span> <span class='ocrx_word' id='word_1_199' title='bbox 321 3276 341 3327; x_wconf 89' lang='lat' dir='ltr'><strong>a</strong></span> <span class='ocrx_word' id='word_1_200' title='bbox 359 3253 524 3329; x_wconf 88' lang='lat' dir='ltr'><strong>Diabolo</strong></span> <span class='ocrx_word' id='word_1_201' title='bbox 544 3254 702 3329; x_wconf 86' lang='lat' dir='ltr'><strong>immissio</strong></span> <span class='ocrx_word' id='word_1_202' title='bbox 722 3251 858 3327; x_wconf 77' lang='lat' dir='ltr'><strong>delidii:</strong></span> <span class='ocrx_word' id='word_1_203' title='bbox 883 3255 1090 3328; x_wconf 89' lang='lat' dir='ltr'><strong>irrationale</strong></span> <span class='ocrx_word' id='word_1_204' title='bbox 1112 3281 1172 3331; x_wconf 90' lang='lat' dir='ltr'><strong>au·</strong></span> 
     </span>
     <span class='ocr_line' id='line_1_29' title="bbox 111 3353 1173 3452; baseline 0.001 -21"><span class='ocrx_word' id='word_1_205' title='bbox 111 3369 187 3431; x_wconf 89' lang='lat' dir='ltr'><strong>tem</strong></span> <span class='ocrx_word' id='word_1_206' title='bbox 210 3376 319 3430; x_wconf 90' lang='lat' dir='ltr'><strong>omne</strong></span> <span class='ocrx_word' id='word_1_207' title='bbox 343 3353 530 3430; x_wconf 72' lang='lat' dir='ltr'><strong>delidum:</strong></span> <span class='ocrx_word' id='word_1_208' title='bbox 564 3356 672 3452; x_wconf 88' lang='lat' dir='ltr'><strong>igitur</strong></span> <span class='ocrx_word' id='word_1_209' title='bbox 693 3376 712 3427; x_wconf 90' lang='lat' dir='ltr'><strong>a</strong></span> <span class='ocrx_word' id='word_1_210' title='bbox 730 3353 878 3428; x_wconf 89' lang='lat' dir='ltr'><strong>diabolo</strong></span> <span class='ocrx_word' id='word_1_211' title='bbox 899 3355 1124 3449; x_wconf 87' lang='lat' dir='ltr'><strong>irrationale,</strong></span> <span class='ocrx_word' id='word_1_212' title='bbox 1152 3381 1173 3432; x_wconf 90' lang='lat' dir='ltr'><strong>a</strong></span> 
     </span>
     <span class='ocr_line' id='line_1_30' title="bbox 112 3452 1172 3550; baseline 0.003 -23"><span class='ocrx_word' id='word_1_213' title='bbox 112 3472 187 3547; x_wconf 90' lang='lat' dir='ltr'><strong>quo</strong></span> <span class='ocrx_word' id='word_1_214' title='bbox 207 3455 242 3529; x_wconf 87' lang='lat' dir='ltr'><strong>dt</strong></span> <span class='ocrx_word' id='word_1_215' title='bbox 259 3452 445 3549; x_wconf 75' lang='lat' dir='ltr'><strong>delisium,</strong></span> <span class='ocrx_word' id='word_1_216' title='bbox 472 3468 680 3529; x_wconf 82' lang='lat' dir='ltr'><strong>extraneum</strong></span> <span class='ocrx_word' id='word_1_217' title='bbox 695 3477 715 3527; x_wconf 91' lang='lat' dir='ltr'><strong>a</strong></span> <span class='ocrx_word' id='word_1_218' title='bbox 729 3454 814 3530; x_wconf 91' lang='lat' dir='ltr'><strong>Deo</strong></span> <span class='ocrx_word' id='word_1_219' title='bbox 834 3478 945 3550; x_wconf 90' lang='lat' dir='ltr'><strong>aquo</strong></span> <span class='ocrx_word' id='word_1_220' title='bbox 963 3456 1014 3529; x_wconf 91' lang='lat' dir='ltr'><strong>est</strong></span> <span class='ocrx_word' id='word_1_221' title='bbox 1031 3458 1172 3529; x_wconf 89' lang='lat' dir='ltr'><strong>irratio·</strong></span> 
     </span>
     <span class='ocr_line' id='line_1_31' title="bbox 110 3553 1173 3632; baseline 0 -1"><span class='ocrx_word' id='word_1_222' title='bbox 110 3557 194 3631; x_wconf 88' lang='lat' dir='ltr'><strong>nale</strong></span> <span class='ocrx_word' id='word_1_223' title='bbox 210 3556 373 3629; x_wconf 89' lang='lat' dir='ltr'><strong>alienum.</strong></span> <span class='ocrx_word' id='word_1_224' title='bbox 433 3553 589 3631; x_wconf 88' lang='lat' dir='ltr'><strong>Proinde</strong></span> <span class='ocrx_word' id='word_1_225' title='bbox 604 3553 789 3632; x_wconf 86' lang='lat' dir='ltr'><strong>diverfitas</strong></span> <span class='ocrx_word' id='word_1_226' title='bbox 806 3557 936 3631; x_wconf 88' lang='lat' dir='ltr'><strong>horum</strong></span> <span class='ocrx_word' id='word_1_227' title='bbox 952 3578 995 3630; x_wconf 88' lang='lat' dir='ltr'><strong>ex</strong></span> <span class='ocrx_word' id='word_1_228' title='bbox 1011 3556 1173 3631; x_wconf 85' lang='lat' dir='ltr'><strong>distantia</strong></span> 
     </span>
     <span class='ocr_line' id='line_1_32' title="bbox 112 3652 1172 3752; baseline 0.003 -23"><span class='ocrx_word' id='word_1_229' title='bbox 112 3655 308 3730; x_wconf 75' lang='lat' dir='ltr'><strong>audiorum.</strong></span> <span class='ocrx_word' id='word_1_230' title='bbox 374 3652 533 3729; x_wconf 87' lang='lat' dir='ltr'><strong>Proinde</strong></span> <span class='ocrx_word' id='word_1_231' title='bbox 554 3676 637 3731; x_wconf 88' lang='lat' dir='ltr'><strong>cum</strong></span> <span class='ocrx_word' id='word_1_232' title='bbox 658 3655 763 3731; x_wconf 92' lang='lat' dir='ltr'><strong>Plato</strong></span> <span class='ocrx_word' id='word_1_233' title='bbox 786 3656 850 3732; x_wconf 91' lang='lat' dir='ltr'><strong>soli</strong></span> <span class='ocrx_word' id='word_1_234' title='bbox 874 3658 959 3730; x_wconf 92' lang='lat' dir='ltr'><strong>Deo</strong></span> <span class='ocrx_word' id='word_1_235' title='bbox 988 3654 1172 3752; x_wconf 84' lang='lat' dir='ltr'><strong>segregans</strong></span> 
     </span>
     <span class='ocr_line' id='line_1_33' title="bbox 110 3755 1175 3853; baseline 0.005 -26"><span class='ocrx_word' id='word_1_236' title='bbox 110 3755 309 3849; x_wconf 90' lang='lat' dir='ltr'><strong>rationale,</strong></span> <span class='ocrx_word' id='word_1_237' title='bbox 336 3756 410 3830; x_wconf 92' lang='lat' dir='ltr'><strong>duo</strong></span> <span class='ocrx_word' id='word_1_238' title='bbox 435 3776 566 3853; x_wconf 86' lang='lat' dir='ltr'><strong>genera</strong></span> <span class='ocrx_word' id='word_1_239' title='bbox 591 3756 785 3833; x_wconf 90' lang='lat' dir='ltr'><strong>subdividit</strong></span> <span class='ocrx_word' id='word_1_240' title='bbox 810 3780 855 3833; x_wconf 87' lang='lat' dir='ltr'><strong>ex</strong></span> <span class='ocrx_word' id='word_1_241' title='bbox 879 3757 1093 3829; x_wconf 89' lang='lat' dir='ltr'><strong>irrationali:</strong></span> <span class='ocrx_word' id='word_1_242' title='bbox 1120 3760 1175 3832; x_wconf 90' lang='lat' dir='ltr'><strong>in·</strong></span> 
     </span>
     <span class='ocr_line' id='line_1_34' title="bbox 112 3854 1173 3952; baseline 0.004 -23"><span class='ocrx_word' id='word_1_243' title='bbox 112 3854 335 3952; x_wconf 85' lang='lat' dir='ltr'><strong>dignativum</strong></span> <span class='ocrx_word' id='word_1_244' title='bbox 357 3855 456 3948; x_wconf 92' lang='lat' dir='ltr'><strong>quod</strong></span> <span class='ocrx_word' id='word_1_245' title='bbox 471 3858 653 3949; x_wconf 87' lang='lat' dir='ltr'><strong>appellant</strong></span> <span class='ocrx_word' id='word_1_246' title='bbox 671 3862 836 3946; x_wconf 75' lang='grc' dir='ltr'><strong>θυωκον,</strong></span> <span class='ocrx_word' id='word_1_247' title='bbox 864 3856 898 3929; x_wconf 87' lang='lat'>&amp;</span> <span class='ocrx_word' id='word_1_248' title='bbox 919 3855 1173 3949; x_wconf 87' lang='lat' dir='ltr'><strong>concupiscen-</strong></span> 
     </span>
     <span class='ocr_line' id='line_1_35' title="bbox 111 3954 1174 4047; baseline 0.006 -18"><span class='ocrx_word' id='word_1_249' title='bbox 111 3956 230 4029; x_wconf 88' lang='lat' dir='ltr'><strong>tivum</strong></span> <span class='ocrx_word' id='word_1_250' title='bbox 255 3956 354 4046; x_wconf 91' lang='lat' dir='ltr'><strong>quod</strong></span> <span class='ocrx_word' id='word_1_251' title='bbox 380 3969 518 4028; x_wconf 91' lang='lat' dir='ltr'><strong>vocant</strong></span> <span class='ocrx_word' id='word_1_252' title='bbox 539 3954 808 4037; x_wconf 57' lang='lat' dir='ltr'><strong>trienninm:</strong></span> <span class='ocrx_word' id='word_1_253' title='bbox 847 3969 889 4029; x_wconf 93' lang='lat' dir='ltr'><strong>ut</strong></span> <span class='ocrx_word' id='word_1_254' title='bbox 916 3957 1002 4028; x_wconf 92' lang='lat' dir='ltr'><strong>illud</strong></span> <span class='ocrx_word' id='word_1_255' title='bbox 1030 3958 1174 4047; x_wconf 89' lang='lat' dir='ltr'><strong>quidem</strong></span> 
     </span>
     <span class='ocr_line' id='line_1_36' title="bbox 113 4053 1173 4155; baseline 0.002 -26"><span class='ocrx_word' id='word_1_256' title='bbox 113 4074 304 4130; x_wconf 88' lang='lat' dir='ltr'><strong>commune</strong></span> <span class='ocrx_word' id='word_1_257' title='bbox 316 4053 359 4128; x_wconf 86' lang='lat' dir='ltr'><strong>srt</strong></span> <span class='ocrx_word' id='word_1_258' title='bbox 371 4057 477 4128; x_wconf 79' lang='lat' dir='ltr'><strong>nobis</strong></span> <span class='ocrx_word' id='word_1_259' title='bbox 490 4054 717 4149; x_wconf 81' lang='lat' dir='ltr'><strong>&amp;leonibus,</strong></span> <span class='ocrx_word' id='word_1_260' title='bbox 728 4056 817 4130; x_wconf 90' lang='lat' dir='ltr'><strong>istud</strong></span> <span class='ocrx_word' id='word_1_261' title='bbox 832 4077 922 4130; x_wconf 89' lang='lat' dir='ltr'><strong>vero</strong></span> <span class='ocrx_word' id='word_1_262' title='bbox 937 4078 1016 4129; x_wconf 89' lang='lat' dir='ltr'><strong>curn</strong></span> <span class='ocrx_word' id='word_1_263' title='bbox 1030 4056 1173 4155; x_wconf 88' lang='lat' dir='ltr'><strong>muscis,</strong></span> 
     </span>
     <span class='ocr_line' id='line_1_37' title="bbox 112 4155 1173 4259; baseline 0.003 -30"><span class='ocrx_word' id='word_1_264' title='bbox 112 4156 290 4233; x_wconf 86' lang='lat' dir='ltr'><strong>rationale</strong></span> <span class='ocrx_word' id='word_1_265' title='bbox 304 4175 419 4249; x_wconf 87' lang='lat' dir='ltr'><strong>porro</strong></span> <span class='ocrx_word' id='word_1_266' title='bbox 435 4176 518 4233; x_wconf 87' lang='lat' dir='ltr'><strong>cum</strong></span> <span class='ocrx_word' id='word_1_267' title='bbox 534 4157 643 4235; x_wconf 84' lang='lat' dir='ltr'><strong>Deo:</strong></span> <span class='ocrx_word' id='word_1_268' title='bbox 669 4157 780 4232; x_wconf 91' lang='lat' dir='ltr'><strong>video</strong></span> <span class='ocrx_word' id='word_1_269' title='bbox 798 4155 892 4259; x_wconf 77' lang='lat' dir='ltr'><strong>&amp;de</strong></span> <span class='ocrx_word' id='word_1_270' title='bbox 909 4158 981 4234; x_wconf 91' lang='lat' dir='ltr'><strong>hoc</strong></span> <span class='ocrx_word' id='word_1_271' title='bbox 1000 4158 1085 4231; x_wconf 84' lang='lat' dir='ltr'><strong>milri</strong></span> <span class='ocrx_word' id='word_1_272' title='bbox 1101 4158 1173 4249; x_wconf 86' lang='lat' dir='ltr'><strong>elle</strong></span> 
     </span>
    </p>

    <p class='ocr_par' dir='ltr' id='par_1_4' title="bbox 1011 4270 1121 4330">
     <span class='ocr_line' id='line_1_38' title="bbox 1011 4270 1121 4330; baseline 0 -3"><span class='ocrx_word' id='word_1_273' title='bbox 1011 4270 1121 4330; x_wconf 85' lang='lat' dir='ltr'><strong>retra-</strong></span> 
     </span>
    </p>
   </div>
   <div class='ocr_carea' id='block_1_3' title="bbox 0 0 1214 4590">
    <p class='ocr_par' dir='ltr' id='par_1_5' title="bbox 0 0 1214 4590">
     <span class='ocr_line' id='line_1_39' title="bbox 0 0 1214 4590; baseline 0 0"><span class='ocrx_word' id='word_1_274' title='bbox 0 0 1214 4590; x_wconf 95' lang='lat' dir='ltr'><strong> </strong></span> 
     </span>
    </p>
   </div>
  </div>
 </body>
</html>
