2468 4530
117 464 189 545 668
265 460 314 561 Q.
338 455 474 534 sm.
500 456 643 533 Fron.
668 454 1045 535 'serenantur

117 642 219 711 rum,
254 618 462 693 &mersum
488 619 539 693 est
562 621 598 692 in
624 618 792 711 flumine,
822 633 939 714 atque
966 624 1018 695 ita
1039 616 1168 695 Heliiao

115 720 297 815 propheta
322 717 596 814 superveniente
618 732 749 811 petunt
771 720 818 793 ab
845 742 921 813 eo,
953 716 1018 794 filii
1039 720 1170 813 prophe

117 834 256 909 tarum,
272 820 325 891 uti
341 818 474 893 ferrum
488 818 622 889 flumini
638 818 736 909 quod
751 818 914 893 mersum
931 820 1070 914 fuerat,
1094 840 1170 893 erut

117 933 186 993 ret.
238 916 361 1009 Atque
384 921 433 990 ita
451 914 618 991 Helisaeus
641 932 796 1010 accepto
822 918 956 1015 ligno,
985 918 1172 993 &miffoir

119 1040 202 1091 eum
218 1018 359 1108 locum,
385 1018 446 1089 ubi
459 1012 669 1090 submersum
687 1017 806 1090 fuerat
824 1018 992 1111 ferrum,
1017 1016 1153 1093 statims
1164 1058 1173 1073 ·

119 1116 347 1210 poenatavit,
379 1116 564 1211 &lignum
581 1114 731 1189 mersum
752 1114 830 1210 est,
854 1120 965 1209 quod
981 1131 1173 1211 recepemot

118 1212 183 1288 filii
198 1214 464 1307 prophetarum.
517 1212 571 1285 Ex
594 1236 666 1305 quo
684 1216 981 1309 intellexerunt,
1009 1218 1104 1310 quod
1120 1216 1172 1289 He

119 1314 175 1387 liae
200 1312 337 1405 spiritus
359 1316 393 1385 in
416 1335 497 1387 eum
518 1314 560 1388 srt
578 1314 865 1407 representatus.
929 1318 1033 1416 Quid
1050 1316 1172 1391 maniie

117 1410 202 1486 stiur
217 1413 319 1503 hujus
332 1413 413 1505 ligni
429 1412 676 1487 sacramento?
693 1414 792 1506 quod
811 1414 955 1489 duritia
968 1418 1075 1509 hujus
1089 1414 1170 1489 secttii

118 1510 231 1587 mersa
249 1514 284 1583 in
307 1512 490 1603 profundo
513 1514 669 1605 erroris,
696 1511 887 1607 &aligno
909 1512 1071 1607 Christi,
1093 1510 1170 1587 idest

117 1611 282 1705 passionis
297 1611 394 1703 ejus,
420 1611 456 1682 in
475 1610 647 1706 baptismo
667 1612 867 1704 liberatur,
896 1628 945 1685 ut
966 1616 1069 1706 quod
1083 1614 1169 1707 perio

116 1725 175 1783 rat
198 1712 285 1783 olim
310 1728 373 1801 per
398 1710 530 1807 lignum
553 1712 589 1783 in
613 1711 754 1802 Adam,
791 1710 830 1783 id
850 1710 1108 1789 restitueretur
1124 1730 1167 1806 per

116 1809 253 1907 lignum
284 1806 421 1883 Christi.
490 1808 607 1883 Nobis
640 1810 773 1905 igitur,
807 1812 872 1901 qui
904 1810 1167 1889 succeffimusir

117 1912 207 1983 loco
229 1910 508 2003 prophetarum,
535 1932 577 1981 ea
595 1907 845 1982 sustinentibus
867 1910 991 1985 hodie
1007 1917 1044 1986 in
1060 1912 1166 1999 seculo,

119 2030 198 2101 qua
212 2008 347 2099 semper
364 2008 444 2100 parit
461 2005 540 2081 sunt
558 2010 742 2100 propheta
758 2022 917 2101 propter
933 2012 1097 2086 divinam
1110 2008 1166 2083 reli

116 2108 272 2203 gionem.
325 2104 430 2177 Alios
445 2108 535 2178 enim
552 2108 820 2199 lapidaverunt,
844 2109 941 2181 aiios
956 2110 1165 2209 fugavenmt,

116 2208 236 2299 plures
259 2225 349 2275 vero
374 2205 417 2275 ad
440 2207 566 2275 mortis
585 2227 712 2279 necem
733 2208 991 2301 tradiderunt,
1020 2212 1113 2305 quod
1124 2230 1165 2280 ne

116 2324 199 2399 gare
221 2324 296 2373 non
319 2301 475 2395 poffunt.
533 2303 617 2377 Hoc
638 2306 770 2399 lignum
793 2306 855 2379 sibi
880 2308 916 2379 o
939 2308 1065 2402 Isaac,
1097 2307 1163 2381 filius

117 2400 297 2494 Abrahae,
324 2402 367 2473 ad
384 2400 588 2477 sacrificium
611 2403 682 2498 ipse
700 2407 892 2497 portabat,
921 2430 1010 2483 cum
1032 2411 1092 2483 sibi
1106 2425 1163 2480 eur

116 2501 220 2576 Deus
247 2500 395 2576 hostiam
422 2500 498 2575 fieri
525 2503 751 2597 praecepisset.
808 2505 881 2579 Sed
910 2511 1089 2599 quoniam
1111 2510 1163 2581 hat

116 2602 261 2677 fuerant
291 2599 530 2695 sacramenta,
567 2626 643 2694 quae
668 2606 891 2696 temporibus
920 2605 1057 2683 Christi
1083 2602 1164 2701 pem·

118 2702 244 2775 cienda
261 2701 508 2775 servabantur:
528 2702 669 2776 &Isaac
684 2725 763 2777 cum
780 2704 880 2797 ligno
894 2704 1106 2781 reservatus
1119 2702 1165 2789 est,

118 2802 230 2873 ariete
254 2803 381 2872 oblato
409 2802 443 2873 in
473 2823 585 2897 vepre
613 2804 780 2875 comibus
809 2804 998 2891 haerente,
1037 2804 1165 2879 &Chri

115 2899 189 2973 stus
204 2899 268 2972 suis
286 2902 506 2990 temporibus
523 2902 653 2995 lignum
668 2903 821 2977 humeris
835 2900 904 2975 suis
917 2908 1108 2998 portavit,
1129 2905 1165 2975 ir

33 3008 38 3025 “
115 2998 252 3071 haerens
270 3002 437 3071 comibus
455 3004 590 3092 crucis,
618 3022 755 3074 corona
773 2999 892 3091 spinea
909 3002 950 3076 in
970 3008 1092 3099 capite
1108 3004 1164 3096 ejto

117 3098 343 3173 circumdata.
398 3098 504 3171 Hunc
521 3104 613 3172 enim
629 3102 824 3193 oportebat
840 3122 898 3193 pro
916 3108 1068 3175 omnibns
1079 3104 1163 3201 genti

116 3200 173 3268 bus
185 3200 264 3288 fieti
272 3198 483 3287 sarificium,
506 3204 561 3295 qui
575 3218 731 3295 tanquam
743 3206 810 3269 ovis
825 3202 866 3270 ad
881 3202 1058 3277 vitiimam
1072 3200 1162 3275 defin

116 3298 174 3395 est:
201 3296 234 3369 &
253 3299 343 3367 velut
364 3322 461 3390 agnus
484 3323 585 3367 coram
606 3302 753 3370 tondente
764 3300 822 3385 se,
837 3300 908 3395 fine
929 3326 1030 3393 voce,
1047 3305 1094 3399 fic
1112 3320 1161 3371 nm

67 3472 73 3483 ,
116 3403 241 3493 aperuit
256 3424 288 3465 os
299 3399 404 3485 suum.
464 3396 535 3470 Hic
550 3400 642 3472 enim
658 3398 774 3471 Pilato
788 3400 1067 3498 interrogante,
1093 3398 1161 3475 nihi

115 3498 261 3569 locutus
276 3494 343 3569 est:
368 3502 403 3565 io
417 3498 599 3568 humilitate
612 3501 854 3595 mimjudicium
868 3486 938 3595 eju'r
949 3504 1115 3589 suthtune
1124 3498 1161 3594 est.

117 3600 343 3668 Nativitatem
375 3612 479 3665 autem
512 3602 579 3690 ejur-
611 3604 682 3693 quis
714 3596 906 3671 enarrabit?
944 3604 1028 3693 quia
1061 3600 1160 3675 nulius

116 3696 266 3767 omnino
279 3694 462 3767 hominum
479 3698 677 3769 nativitatis
696 3696 822 3771 Christi
841 3696 909 3771 fuit
923 3699 1109 3791 conscius,
1132 3700 1160 3770 ir

116 3808 318 3886 conceptu,
347 3817 426 3866 cum
442 3795 546 3890 virgo
564 3796 704 3889 Maria,
733 3800 848 3868 verbo
868 3796 964 3889 Dei,
992 3814 1160 3897 praegnam

113 3891 355 3985 inveniretur,
375 3894 502 3987 &quia
516 3897 704 3967 tolleretur
721 3918 741 3967 a
756 3913 852 3968 terra
865 3898 943 3969 vita
961 3903 1050 3992 ejus.
1101 3896 1159 3969 eur

112 3992 232 4081 itaque
260 3992 340 4081 post
360 3993 649 4068 resurreetionem
673 3998 747 4087 ejus
772 4000 969 4070 amortuis
995 4000 1077 4090 quia
1098 3998 1157 4069 diet

112 4091 219 4161 tertia
242 4089 368 4163 efferta
395 4090 471 4186 est,
506 4094 585 4167 coeli
608 4116 689 4169 eum
711 4111 949 4191 receperunt,
985 4096 1156 4174 secundum

923 4260 927 4266 .
1039 4218 1113 4289 pro·
1198 4214 1202 4233 ·
