2400 4590
114 494 189 571 320
262 476 309 574 Q.
335 469 1024 549 Sarrsnoa.'senrui.n1uui

110 650 208 725 tuma
224 632 405 711 sedunam
420 634 587 709 omnibus
600 632 754 709 sormam
766 630 873 707 solius
887 634 1171 731 corporalitatis,

112 756 191 831 que
210 732 408 811 substantie
429 752 486 806 res
506 732 579 828 est,
604 734 719 825 siqua
740 733 938 825 incorpora
958 735 1010 806 eis
1030 730 1172 829 adsunt,

112 832 306 928 eutasius,
333 846 393 906 aut
403 832 597 925 passiones,
623 829 834 926 autosiicia,
855 846 917 904 aut
930 831 1172 911 libidineseo·

111 954 210 1027 uim,
244 952 322 1005 non
346 934 537 1026 portiones
564 932 784 1027 deputamus.
842 934 931 1029 Quo
951 952 1039 1029 ergo
1069 932 1170 1027 satit,

110 1035 320 1133 portionem
332 1032 490 1105 meteriae
506 1033 697 1105 inmotum
717 1029 925 1124 disponere,
950 1033 1011 1123 qui
1031 1054 1112 1106 non
1128 1035 1170 1107 ad

110 1131 335 1209 substantiam
347 1133 517 1225 pertinet,
530 1129 1050 1205 sedadsubsiantiaehabitumi
1071 1132 1170 1235 Quid

111 1234 207 1309 enim
224 1230 250 1305 fi
267 1230 484 1304 immobilem
503 1228 687 1325 placuisset
703 1230 768 1303 tibi
784 1230 954 1303 inducere
970 1234 1167 1323 materiam,

109 1330 271 1423 nunquid
290 1330 517 1403 immobilitas
541 1327 692 1402 secunda
713 1350 794 1422 pars
813 1329 940 1404 sormae
956 1330 1168 1407 videretius

109 1431 170 1507 Sic
181 1432 303 1522 itaque
316 1450 385 1503 nec
398 1442 542 1521 motus,
567 1427 627 1503 sed
641 1428 685 1502 de
702 1445 807 1501 motu
826 1427 860 1500 dt
876 1431 956 1502 alibi
969 1430 1105 1509 licebit.

110 1564 114 1577 ·
186 1552 244 1624 37.
270 1527 381 1604 Nunc
397 1528 492 1603 enim
505 1528 617 1601 video
634 1543 673 1600 te
687 1527 731 1600 ad
745 1527 840 1600 iilam
857 1526 974 1601 rursus
990 1531 1169 1608 rationem

81 1618 276 1721 'reverti,
310 1649 387 1721 quae
411 1628 479 1701 tibi
497 1628 586 1702 nihil
606 1628 697 1701 certi
725 1628 936 1701 renunciare
966 1628 1167 1711 consuevit

109 1730 205 1809 Nam
227 1728 315 1802 sicut
336 1749 405 1803 nec
427 1728 655 1822 corporalem
673 1747 743 1800 nec
763 1728 1029 1819 incorporalem
1057 1730 1168 1809 infert

109 1828 317 1919 materiam,
354 1828 404 1901 ita
435 1848 504 1902 nec
534 1828 669 1901 bonam
700 1847 770 1901 nec
802 1828 929 1901 malam
963 1828 1166 1926 adlegaiset,

108 1927 264 2026 proinde
287 1924 670 2024 superargumentasset.
732 1925 769 1998 Si
792 1925 886 1999 enim
903 1927 1047 2021 inquis,
1079 1929 1168 2005 esset

108 2031 228 2121 bona,
254 2048 332 2121 quae
346 2025 482 2122 semper
497 2028 571 2102 boc
587 2025 723 2101 suerat:
750 2046 828 2099 non
842 2025 1052 2100 defideraret
1066 2050 1166 2103 com·

108 2129 325 2224 positionem
344 2129 438 2201 Dei:
473 2126 498 2200 si
519 2124 605 2201 esset
623 2140 750 2200 natura
770 2126 886 2220 mala,
918 2146 993 2201 nou
1011 2128 1164 2221 accepis·

109 2228 162 2301 set
177 2228 448 2299 translationem
469 2229 505 2299 in
526 2227 670 2300 melius:
704 2248 772 2300 nec
787 2228 973 2319 quicquam
987 2228 1163 2320 composi·

108 2328 219 2401 tionis
243 2324 311 2399 suae
331 2324 550 2419 adplicuisset
569 2327 621 2399 iili
644 2326 744 2399 Deus
766 2327 829 2399 tali
854 2343 1004 2400 natura:
1039 2326 1078 2399 in
1101 2348 1166 2401 va·

110 2448 217 2501 cuum
232 2426 328 2499 enim
340 2425 539 2503 laborasset.
591 2428 715 2500 Verba
728 2428 803 2501 haec
818 2440 878 2499 tua
890 2425 985 2499 sunt:
1012 2447 1166 2519 quorum

108 2526 197 2601 te&
215 2526 297 2599 alibi
316 2525 507 2600 meminisse
526 2540 759 2621 oportuerat,
786 2548 831 2599 ne
848 2525 931 2618 quid
948 2528 1002 2599 his
1023 2544 1165 2602 contra·

108 2627 201 2702 rium
225 2626 386 2701 inferres.
438 2625 508 2699 Sed
533 2628 700 2719 quoniam
723 2626 767 2699 de
785 2625 867 2699 mali
891 2625 924 2697 dt
949 2628 1036 2699 boni
1060 2631 1167 2701 ambi·

109 2729 246 2824 gnitate
267 2725 368 2821 super
391 2727 574 2801 materiam
591 2728 628 2801 in
647 2726 833 2823 praeteritis
853 2725 982 2815 aliquid
1000 2726 1165 2800 retratla·

108 2830 248 2917 vimus,
273 2848 369 2898 nunc
386 2827 429 2897 ad
440 2826 667 2919 presentem,
695 2826 728 2898 di
749 2823 858 2897 solam
876 2826 1166 2916 propositionem

108 2926 144 2999 u
166 2925 509 3020 argumentationem
534 2938 630 2999 tuam
652 2923 889 3018 respondebo.
946 2923 1029 2996 Nec
1050 2927 1166 2999 dicam

107 3024 143 3095 sa
162 3024 222 3094 hic
244 3035 282 3092 te
304 3040 441 3095 certum
464 3024 595 3115 aliquid
620 3022 774 3098 debuisse
802 3021 1068 3117 pronunciasse,
1100 3042 1166 3097 aut

106 3122 207 3196 bona
233 3134 295 3191 aut
321 3123 437 3213 mala,
470 3136 532 3195 aut
555 3124 702 3195 tertium
723 3121 880 3214 aliquid,
910 3120 969 3195 sed
992 3143 1060 3193 nec
1087 3124 1163 3216 hic,

107 3220 208 3313 quod
228 3219 294 3291 tibi
318 3220 421 3291 libuit
438 3220 707 3314 pronunciasse,
733 3220 931 3296 custodisse.
979 3218 1163 3299 Rescindis

50 3320 55 3327 ’
107 3321 231 3413 enim,
267 3320 365 3410 quod
380 3321 644 3415 pronunciasti,
678 3344 746 3396 nec
763 3323 896 3394 bonam
920 3340 986 3394 nec
1009 3324 1162 3413 malam

107 3421 190 3511 quia
210 3440 291 3491 cum
313 3417 400 3491 dicis
422 3419 447 3494 fi
468 3419 554 3494 esset
574 3424 698 3515 bona,
731 3442 806 3493 non
828 3420 1040 3495 desideraret
1063 3444 1162 3495 com·

104 3519 216 3617 poni,
241 3540 262 3590 a
281 3515 390 3611 Deo,
414 3522 541 3594 malam
565 3521 771 3614 portendis:
808 3517 945 3593 &cuni
965 3521 1161 3614 adponissi

106 3614 195 3691 esset
212 3618 303 3692 mala
325 3631 473 3712 natura,
499 3642 577 3694 non
596 3621 819 3712 admitteret,
846 3618 884 3693 in
904 3621 1030 3693 melius
1049 3636 1162 3696 trans·

103 3716 299 3797 lationem:
330 3718 464 3792 bonam
482 3717 723 3793 subostendis:
758 3732 864 3810 atque
889 3720 939 3791 ita
961 3720 994 3791 dt
1016 3722 1104 3795 boni
1128 3721 1162 3795 dt

104 3816 187 3892 mali
199 3814 350 3893 adfinem
367 3818 590 3910 constituisti,
608 3820 640 3891 ei
657 3840 761 3910 quam
775 3840 844 3891 nec
858 3821 991 3892 bonam
1007 3842 1076 3891 nec
1091 3844 1163 3895 ma·

103 3915 174 3991 lain
195 3919 445 4006 pronunciasti.
495 3918 533 3991 Si
554 3932 672 3991 autern
694 3919 1065 4016 argumentationem,
1094 3943 1163 4013 qua

104 4012 232 4113 putasti
261 4027 299 4088 te
324 4015 607 4109 propositionem
632 4031 729 4091 tuam
757 4013 1073 4111 confirmaturum,
1108 4042 1161 4095 ie-

103 4112 269 4192 rmum:
297 4114 461 4210 Oppono
476 4118 584 4193 etiam
600 4116 706 4215 illud,
723 4118 749 4199 fi
765 4118 862 4193 bona
878 4114 997 4193 suisset
1012 4123 1163 4292 rigateria

1042 4242 1113 4294 eiii-

387 4432 476 4474 ...x
