2400 4590
225 508 286 571 ne
316 488 744 568 Rarunancarorca
778 508 969 567 curura.
1045 508 1122 587 m

78 646 176 725 lilioa
203 650 467 727 resurreclionie
488 653 667 748 appellat,
700 664 742 725 ut
764 670 830 745 per
850 670 926 723 eam
951 649 1127 741 quodam·

74 750 190 825 modo
213 746 305 825 nasci
325 752 525 844 habentes,
558 748 745 845 postquam
770 748 1030 840 monebunt,
1061 746 1125 824 sed

73 847 289 937 resuscitatje
312 850 428 945 simeln
445 874 530 921 emm
544 866 638 921 erunt
655 852 793 943 angelus:
820 866 976 939 quanon
990 860 1124 939 nuptu·

74 950 137 1041 ri,¹
152 950 233 1039 quia
251 969 321 1021 nec
339 950 523 1039 morituri,
547 948 607 1023 sed
624 968 695 1040 qua
715 946 914 1030 nutritum,
938 946 976 1016 in
996 942 1125 1020 statum

75 1050 295 1141 angelicum,
320 1063 385 1140 per
397 1048 644 1121 indumentum
656 1050 742 1123 illud
763 1042 1125 1138 incorruptibilitatis,

73 1165 140 1239 per
177 1143 377 1219 substantie
414 1138 626 1219 resuscitate
664 1161 784 1221 temen
827 1143 1124 1233 demutationem.

75 1238 247 1317 Ceterum
282 1260 595 1336 mouerentur,
628 1245 792 1339 nupturi,
825 1242 899 1315 live
933 1241 1124 1341 morituri,

73 1362 194 1413 necne
209 1338 323 1415 rursus
346 1338 520 1434 disemus,
550 1341 574 1417 ss
597 1362 674 1417 non
694 1346 769 1436 ejus
791 1340 853 1413 vel
871 1339 1022 1414 maxime
1045 1338 1125 1411 sub·

74 1436 212 1511 liantiae
229 1438 406 1513 restitutio
423 1442 461 1515 in
480 1440 626 1515 dubium
644 1454 859 1530 vocaretur,
885 1456 963 1529 que
974 1439 1124 1532 proprie

74 1536 112 1609 dc
128 1551 246 1613 morte
272 1534 306 1611 dt
328 1540 463 1634 nuptiis
482 1540 665 1636 iungitur,
691 1540 727 1615 id
745 1538 938 1615 encardia.
998 1536 1123 1610 Habea

72 1634 183 1732 igitur
211 1642 394 1712 dominum
427 1636 702 1713 confirmantem
730 1638 895 1713 adversus
930 1634 1124 1711 hereticos

73 1733 304 1829 Judaeorum,
336 1739 435 1829 quod
451 1736 485 1811 dr
504 1757 602 1811 nunc
619 1750 768 1834 negatur
786 1738 881 1830 apud
904 1730 1122 1809 Sadduccoa

73 1828 374 1930 Christianorum,
400 1835 546 1910 solidam
560 1834 862 1911 resurrectionem

69 2030 124 2105 ne
148 1930 1123 2129 lt1⁸lnilrt²tt⁰¹slltll¹llllirtnui

68 2129 334 2205 intolerabilem
354 2128 644 2207 existimaverunt
666 2129 866 2207 sermonem
890 2132 990 2231 ejus,
1022 2126 1121 2218 quali

70 2250 162 2304 vere
180 2249 324 2305 carnem
342 2226 435 2305 suam
448 2232 518 2304 illis
536 2230 710 2304 edendam
722 2228 1003 2319 determinasset,
1027 2228 1123 2301 utin

69 2325 230 2421 spiritum
245 2326 451 2421 disponeret
465 2326 592 2403 statum
606 2330 745 2422 salutis,
770 2328 951 2423 premifit:
976 2331 1122 2423 Spiritus

70 2428 113 2517 eli
126 2434 183 2525 qui
198 2430 357 2517 vivificat.
390 2424 512 2516 Atque
524 2429 573 2498 ita
587 2426 781 2518 subiunxit:
811 2428 985 2499 Cercinitis
992 2426 1121 2521 prodest,

73 2516 135 2601 sed
154 2526 197 2597 ad
220 2518 476 2597 vivificandum
495 2520 642 2599 scilicet.
692 2524 891 2617 Exequitur
908 2529 1014 2599 etlam
1035 2525 1122 2615 quid

74 2625 167 2699 velit
183 2625 333 2719 intelligi
356 2621 538 2717 spiritum:
581 2621 683 2695 livia
701 2648 768 2720 qua
787 2627 906 2695 murus
922 2621 994 2709 sum
1012 2623 1121 2710 uubis,

65 2726 209 2821 spiritus
224 2725 321 2810 sunt,
344 2728 417 2793 vito
431 2724 527 2809 sunt:
555 2721 646 2795 ficut
663 2718 812 2816 &supra
828 2745 838 2795 t
864 2727 936 2817 Qui
947 2722 1038 2792 audit
1049 2723 1122 2811 ser·

72 2849 177 2896 mones
191 2849 280 2911 mers,
292 2820 331 2898 sl
340 2826 436 2892 credit
445 2826 558 2892 inrum
572 2827 630 2919 qui
643 2846 691 2895 me
705 2822 797 2917 aiij-ir,
809 2822 902 2894 haut
913 2826 1018 2892 vitaer
1029 2838 1123 2894 arev.

72 2950 149 2999 mm
156 2972 168 3012 ,
193 2920 231 2999 Θ
250 2932 286 2992 m
295 2925 451 3019 judicium
464 2945 530 2991 mn
543 2927 668 3007 ueniet,
686 2920 740 3013 seri
758 2924 890 3017 tranfiet
906 2925 943 2994 de
961 2938 1059 2993 rtrum
1077 2923 1121 2995 ad
1158 2994 1161 2999 .

71 3031 188 3094 viram.
237 3015 363 3113 Itaque
382 3018 582 3094 sermonem
598 3018 819 3095 constituent
840 3018 1120 3114 vivificatorem,

76 3124 160 3213 quia
183 3119 376 3215 spiritus&
402 3123 478 3192 vita
497 3118 639 3213 sermo,
670 3118 823 3195 eundern
845 3124 952 3194 etiam
975 3140 1122 3195 carnem

74 3218 169 3293 suam
186 3221 294 3291 dixit:
322 3220 404 3312 quia
423 3217 457 3291 dv
466 3214 566 3307 sermo
584 3242 655 3289 caro
669 3217 882 3312 erctfalius,
907 3219 1060 3315 proinde
1078 3221 1120 3293 in

75 3312 224 3392 caussam
242 3321 329 3391 vite.
342 3317 590 3413 adpetendus,
614 3316 895 3394 &devorandus
915 3319 1058 3407 auditu,
1084 3318 1121 3391 dt

73 3418 302 3492 ruminandus
318 3414 524 3507 intelleslu‚
555 3412 676 3491 &fide
696 3419 917 3512 digerendus,
967 3419 1062 3490 Nam
1084 3416 1120 3490 dc

73 3519 185 3615 paulo
205 3530 308 3607 ante,
332 3536 474 3590 carnem
494 3515 608 3608 suam,
632 3537 761 3610 panem
777 3538 923 3610 quoque
940 3514 1120 3590 colestem

72 3619 355 3713 pronunciaret,
391 3634 521 3711 urgens
549 3636 801 3708 usquequtque
827 3617 1121 3713 perallegoriam

74 3712 349 3790 necessariorum
375 3716 611 3809 pabulorum,
638 3716 844 3789 memoriam
862 3728 1029 3808 patrum,
1057 3716 1119 3803 qui

74 3836 184 3909 panes
211 3814 245 3885 dc
271 3834 395 3887 carnes
420 3811 681 3908 Aegyptiorum
708 3826 964 3907 praevertercnt
988 3814 1118 3886 divine

73 3913 275 3987 vocationi.
323 3910 433 4009 Igitur
446 3910 641 3985 conversor
661 3910 704 3984 ad
717 3914 936 4008 recogitatur
954 3913 1118 4005 illorum,

72 4014 157 4103 quia
173 4008 326 4089 senserat
346 4010 620 4104 dispergendos,
645 4034 741 4097 carr,
775 4014 850 4101 ait,
881 4014 971 4084 nihii
989 4014 1118 4109 podest

71 4110 174 4208 Quid
202 4110 275 4184 hoc
299 4110 345 4185 ad
376 4106 623 4187 destruendam
653 4110 768 4185 carnia
799 4104 1118 4285 resumcdliooesrni

975 4231 1068 4304 quat
