2400 4590
70 574 143 652 722
212 554 261 655 Q.
287 548 424 625 Seru.
449 547 595 625 Feon
620 546 996 629 Taurunum
1032 528 1039 539 ⁸

71 715 195 791 Nemo
215 711 313 805 suas,
338 710 657 809 miserum‚·nemo
678 712 772 784 eheu
788 713 951 805 praebuit
968 734 1073 791 aues:

73 816 144 889 Sed
163 814 265 887 Deus
285 814 518 907 omnipotens
533 812 656 883 voluit
670 810 729 883 sua
748 812 897 904 praemia
912 814 1028 911 nosci,·

71 914 196 1005 Atque
211 914 323 987 minas
341 912 464 1003 positae
480 930 545 1003 per
558 913 708 1007 plurima
721 914 808 985 talia
825 912 930 1009 legis.

71 1013 260 1088 Mittendo
278 1010 399 1084 statuit
415 1012 555 1104 plures,
583 1010 746 1083 &verba
765 1009 942 1087 sonantes

72 1114 229 1204 Divina,
256 1112 470 1201 excitosque
485 1112 589 1203 jubet
602 1112 750 1205 prodire
767 1108 971 1204 sepulchris

71 1212 222 1303 Secum,
250 1232 330 1283 cum
343 1208 458 1283 naeo
472 1208 672 1283 surrexerat
685 1208 759 1304 ipse
773 1206 974 1303 sepuclaro.

75 1310 305 1403 Obstupuere
322 1310 463 1402 quidem
478 1313 623 1405 plures,
649 1308 800 1403 patuisse
817 1309 1012 1405 sepulchra

72 1409 123 1485 Et
139 1412 237 1483 cerni
252 1410 287 1481 in
304 1415 397 1484 clara
411 1425 628 1502 premortua
644 1429 804 1503 corpora
821 1413 931 1487 luce:

71 1510 269 1600 Miratique
287 1510 366 1601 pios
384 1506 588 1602 sermones,
615 1509 732 1583 dulcia
750 1508 858 1603 dista,

72 1607 150 1704 lpsa
168 1629 264 1682 voce
282 1608 357 1681 suas
376 1608 531 1681 tendunt
547 1609 591 1681 ad
605 1609 716 1682 lidera
728 1610 881 1703 palmas,

73 1708 343 1800 Gratanturque
359 1708 465 1801 Deo,
491 1709 526 1781 &
542 1706 673 1781 aitiori
689 1710 772 1780 talia
787 1706 955 1791 Christo.

72 1808 161 1881 Illos
179 1828 254 1881 non
270 1808 428 1880 tumulos
446 1822 583 1881 certum
600 1808 673 1899 est,
699 1806 868 1900 repetilse
885 1812 1051 1913 silentes,

74 1906 239 2000 Amplius
257 1923 318 1979 aut
336 1922 440 1979 terrae
458 1910 603 1980 retineri
623 1905 757 1980 viscere
777 1906 939 1988 clausos.

73 2006 239 2097 Relliqua
263 2004 321 2079 sed
339 2009 490 2079 recubat
505 2028 601 2079 nunc
616 2010 722 2079 turba
740 2008 927 2083 cubilibus
947 2014 1043 2109 imis,

75 2106 140 2179 llle
156 2108 229 2177 dies
245 2106 384 2193 donec,
413 2108 598 2197 completo
615 2120 780 2199 tempore
800 2128 959 2205 magnus

75 2205 282 2277 Adveniat:
309 2204 424 2275 consti
442 2206 638 2277 Dominum
653 2207 724 2297 jam
745 2205 939 2300 agnoscite
958 2233 1092 2305 verum,

76 2306 148 2419 Qui
168 2304 260 2373 solus
277 2301 363 2373 facit
381 2304 472 2373 lianc
489 2305 637 2376 animam
657 2303 715 2379 sua
733 2325 888 2380 eernere
906 2311 1011 2407 luce,

76 2403 306 2493 Eandemque
324 2402 443 2493 potest
461 2403 498 2474 in
516 2417 647 2475 tartara
665 2406 812 2477 subdere
832 2412 972 2505 poenis,

73 2501 124 2575 Et
142 2505 198 2575 cui
216 2502 341 2575 cuusla
356 2517 456 2594 patet
473 2505 564 2583 vite
574 2508 771 2595 mortisque
789 2508 972 2597 potestas,

75 2602 177 2674 Posse
197 2605 333 2693 Deum,
361 2624 441 2674 nam
457 2606 553 2674 velle
571 2606 621 2675 sat
639 2605 706 2675 est:
733 2604 945 2698 factumque
962 2612 1106 2705 loquens

76 2704 229 2795 Implet,
258 2702 479 2774 &obstando
495 2706 598 2794 plane
614 2704 697 2774 nihil
713 2704 864 2795 impedit
883 2708 1006 2786 illurn.

74 2802 139 2874 llle
156 2824 254 2873 meus
274 2801 390 2891 solus,
419 2806 473 2873 cui
496 2803 606 2873 credo
626 2800 777 2875 sensibus
797 2806 892 2880 imis.

74 2900 128 2972 At
145 2902 312 2992 quoniam
328 2904 428 2973 letho
445 2901 564 2972 cursus
581 2904 809 2973 concluditur
824 2908 966 3001 omnis,

76 3002 293 3099 Quicunque
311 3002 360 3073 est
375 3002 504 3092 hodie,
530 3001 645 3073 secum
663 3018 768 3095 putet
783 3005 912 3079 omnia
929 3022 1066 3083 mente.

75 3100 197 3189 Atque
213 3101 319 3191 iden,
347 3104 428 3173 dum
448 3105 523 3171 vita
538 3116 680 3189 manet,
708 3104 789 3174 dum
808 3124 966 3181 cernere
984 3111 1106 3199 lucen,

76 3199 174 3271 Dum
194 3201 303 3271 vitam
320 3218 457 3271 mutare
474 3200 578 3270 licet:
606 3223 708 3291 quam
730 3206 907 3277 terminus
925 3210 1000 3281 tevi

80 3298 220 3370 Obruat
237 3304 422 3389 incautos,
450 3298 615 3370 &nescia
635 3302 764 3371 lumina
783 3300 920 3379 solvat.

78 3398 235 3469 Ultimus
257 3401 315 3469 ille
334 3401 428 3487 dies,
456 3402 582 3470 mortis
597 3401 656 3489 qui
676 3402 754 3493 lege
775 3415 943 3497 tenetur,

80 3499 192 3596 Quod
215 3502 370 3588 precium
387 3497 560 3588 superest3
588 3520 676 3569 caru·
699 3500 889 3595 invigilate
913 3504 1036 3604 saluti,

76 3596 125 3671 Et
143 3597 262 3667 faciles
277 3598 436 3687 certique
453 3603 586 3670 bonum
604 3599 783 3671 decurrite
804 3600 962 3681 cursum.

77 3697 291 3791 Abstergete
306 3700 369 3787 piis
387 3696 564 3768 commirl'a
581 3698 718 3788 piacula
730 3697 850 3793 sacris,

78 3797 202 3886 Atque
223 3816 335 3890 vagos
349 3798 491 3867 nimium
506 3796 628 3869 mundi
650 3802 763 3872 vitate
781 3803 990 3890 procellas:

76 3896 173 3967 Tum
187 3895 297 3967 reclus
313 3896 345 3966 dr
362 3897 455 3967 adite
471 3898 565 3988 uias,
594 3897 626 3967 u
643 3896 756 3969 sarissa
773 3912 914 3979 tenete.

76 3997 172 4068 Hinc
190 3998 276 4068 lutis
294 3998 414 4067 animis
432 4018 580 4086 prauum
599 3997 766 4088 depellite
783 4002 939 4097 crimen,

77 4092 126 4165 Et
146 4114 317 4168 concreta
337 4097 395 4167 diu
413 4099 598 4187 proluatur
615 4094 760 4187 pestore
777 4101 908 4193 culpu3

77 4193 357 4286 Commilsasque
377 4198 456 4268 mali
476 4199 571 4267 labes
590 4198 735 4272 abolete
750 4196 946 4295 nefandas,

75 4290 323 4389 neumisque
337 4296 458 4370 Deum
473 4298 641 4389 precibus
659 4299 800 4391 placate
817 4302 1061 4381 tremendum.

994 4402 1087 4478 Peli-
