2400 4590
111 531 173 607 n'r
196 526 708 631 Paascaraar‘oatraua
730 541 973 601 anana-tc.
1024 525 1098 616 4⁶5

30 691 148 790 dodim
164 706 360 786 preceptum.
412 688 526 785 Quod
549 700 668 761 autern
691 700 934 781 praeceptum,
967 686 1097 780 &qua

40 789 292 881 denunciatio,
319 787 421 881 supra
441 789 475 860 dt
495 786 587 861 infra
609 783 834 879 exscriptis,
858 786 1096 882 intelligetur:

36 909 115 961 non
138 883 261 962 nescio
282 889 366 978 quid
387 887 591 961 subostendi
615 888 688 960 hoc
711 884 806 958 dicto
831 884 877 958 de
895 887 1096 963 remotiore

36 986 223 1079 doetrina,¹
258 984 318 1059 sed
343 989 466 1081 potius
487 987 684 1079 inculcari,
717 984 762 1059 de
781 1004 857 1057 non
877 985 1096 1061 admittenda

35 1088 130 1178 alia,
154 1099 284 1178 praeter
306 1104 405 1177 earn,
427 1084 535 1178 guam
554 1086 715 1159 audierat
736 1086 780 1157 ab
801 1081 896 1177 ipso:
932 1083 1094 1180 deputo,

33 1211 138 1258 coram
156 1191 292 1273 maltis,
323 1185 462 1277 inquit,
496 1186 626 1283 testibus.
686 1188 791 1299 Quos
813 1184 947 1257 multos
971 1183 1095 1278 testea,

33 1286 206 1360 finolunt
219 1283 400 1360 ecclefiam
413 1285 582 1381 intelligi:
608 1284 696 1357 nihil
711 1282 878 1376 luterell,
907 1284 1095 1375 quomodo

34 1386 124 1458 nihil
137 1387 284 1457 tacitum
298 1384 426 1479 fuerit,
458 1380 631 1476 quodsub
645 1384 765 1458 multis
778 1381 947 1476 testibus,
973 1382 1095 1476 prose·

33 1486 192 1561 rebatur.
249 1484 322 1557 Sed
334 1504 402 1558 nec
416 1486 499 1576 quia
512 1498 641 1558 monet
651 1485 774 1577 illum,
799 1485 863 1553 dac
873 1483 1022 1574 fidelibus
1040 1486 1096 1555 ln·

34 1585 176 1654 mintius
188 1581 377 1656 amandare
387 1591 444 1681 qui
455 1584 650 1678 idmuifint,
662 1582 702 1658 U
715 1582 794 1654 altos
808 1584 927 1655 docem
953 1582 990 1655 id
1006 1604 1095 1676 quo·

35 1701 107 1776 que
130 1699 374 1778 argumentum
395 1680 530 1756 occulti
551 1682 698 1773 alicujus
719 1681 898 1779 evangelii
918 1682 1093 1779 interpre-

36 1784 186 1854 tandum
206 1779 268 1857 est„
328 1780 449 1875 Νὶιιη,Ι
471 1784 505 1854 &
524 1802 606 1857 cum
625 1780 712 1854 dicit
731 1784 817 1866 dac,
846 1781 894 1855 de
915 1783 966 1854 eis
992 1783 1092 1878 dicit,

35 1881 81 1955 de
98 1882 225 1971 quibus
246 1884 282 1954 in
298 1879 460 1977 presenti
475 1879 661 1955 scribebat.
713 1881 771 1954 De
788 1880 942 1954 occultis
959 1896 1093 1979 autern,

34 1994 79 2053 ut
101 1981 146 2053 de
166 1978 393 2076 absentibus,
425 1981 521 2077 apud
541 1977 797 2055 conscientiam
817 2000 895 2058 non
912 1985 1001 2075 dac,
1033 1980 1094 2056 sed

33 2084 91 2152 illa
107 2078 256 2155 dixisset
1144 2118 1147 2123 ·

111 2182 169 2253 26.
196 2177 311 2253 Porro
332 2177 553 2273 consequens
578 2194 682 2274 erat,
717 2192 760 2252 ut
778 2178 835 2254 cui
859 2178 1093 2255 demandabat

34 2280 211 2373 evangelii
230 2279 542 2372 ministrationem,
567 2301 643 2352 non
661 2281 778 2373 pallrm
797 2302 866 2353 nec
894 2282 1092 2354 inconfide-

34 2393 115 2451 rate
134 2378 462 2470 administrandam,
490 2380 680 2470 adjiceret3
716 2381 748 2453 dt
771 2376 963 2453 secundum
981 2382 1093 2454 domi·

35 2481 152 2552 nicam
169 2498 323 2568 vocem,
341 2502 381 2547 ne
399 2486 602 2570 margaritam
615 2485 735 2572 porcis,
753 2483 789 2553 ὅ
801 2477 949 2567 sanilam
963 2482 1093 2550 canibus

29 2575 180 2677 jailaret.
234 2574 410 2649 Dominus
431 2582 546 2668 palam
568 2578 703 2668 edixit,
734 2575 806 2649 line
827 2580 899 2648 ulla
925 2572 1094 2672 fignifica-

35 2679 140 2751 tione
153 2676 298 2766 alicujus
316 2677 416 2746 taciti
433 2675 658 2748 sacramenti:
684 2674 762 2767 lpse
776 2692 1011 2768 preceperatt
1039 2681 1092 2747 Si·

34 2780 112 2877 quid
133 2782 171 2847 in
192 2776 329 2847 tenebris
348 2774 387 2850 U
403 2780 440 2845 in
455 2776 626 2864 abscondito
647 2773 823 2866 audrffent,
858 2781 896 2843 in
911 2778 976 2844 luce
996 2778 1037 2851 (Ἰ
1056 2784 1093 2848 in

37 2877 132 2949 tetlis
150 2882 367 2972 predicarent.
427 2874 502 2967 lpse
523 2894 586 2968 per
608 2874 870 2947 similitudinem
892 2868 1094 2971 praefigura-

37 2990 161 3049 verat:
193 2996 240 3048 ne
257 2992 363 3047 unam
384 2997 507 3061 mnam,
532 2971 661 3065 idest,
695 2994 805 3046 unum
825 2974 977 3046 verbum
1000 2974 1091 3070 ejus,

35 3073 265 3167 mentem,
293 3079 329 3145 in
344 3075 463 3161 abdito,
488 3072 723 3147 reservarent.
781 3072 858 3167 lpse
872 3075 1028 3149 docebat
1041 3078 1092 3147 lu.

33 3188 162 3245 ternam
182 3198 247 3245 non
271 3174 322 3252 sub
344 3179 441 3246 modio
463 3173 577 3272 obstrui
592 3174 716 3263 solere,
742 3172 797 3263 sed
818 3178 1092 3247 incantatorum

35 3274 187 3362 consiliari
195 3326 204 3356 ‚
219 3290 255 3345 ut
268 3277 370 3345 luceat
382 3278 522 3346 omnibus
531 3281 586 3373 qui
602 3278 640 3343 in
655 3276 737 3343 domo
750 3281 835 3355 sunl.
888 3267 974 3348 Haet‘
990 3271 1090 3367 Apo·

37 3371 123 3447 stoli
148 3387 208 3443 aut
224 3376 482 3469 neglexerunt,
514 3391 575 3445 aut
597 3374 739 3447 minime
762 3372 1039 3465 intellexerunt,
1065 3373 1091 3449 ll

35 3489 114 3545 non
131 3470 432 3565 adimpleverunt,
459 3470 716 3546 abscondentes
735 3472 865 3564 aliquid
879 3476 922 3545 de
943 3474 1088 3569 lumine,

35 3571 73 3644 id
91 3568 144 3643 est
156 3570 226 3643 Dei
240 3573 377 3663 verbe,
405 3574 448 3645 de
461 3570 587 3645 Christi
602 3571 833 3646 sacramento.
884 3566 1090 3669 Neminem,

36 3670 137 3764 quod
155 3670 254 3764 scio,
285 3674 526 3765 verebantur,
557 3690 634 3745 non
656 3670 858 3765 Judaeorum
882 3670 980 3761 vim,
1011 3692 1090 3746 non

36 3771 283 3844 ethnicorum:
305 3792 383 3863 guo
401 3776 508 3868 magis
521 3772 646 3863 utique
664 3774 699 3843 in
715 3768 861 3843 ecclesra
872 3769 985 3841 libere
1003 3790 1090 3863 prae·

38 3868 227 3962 dicabant,
249 3872 308 3963 qui
325 3873 362 3944 in
377 3868 563 3968 synagogis
580 3872 616 3943 in
630 3871 663 3943 dt
679 3870 768 3943 locis
781 3869 933 3964 publicis
948 3890 1024 3942 non
1040 3886 1091 3943 ta-

38 3967 190 4057 cebant3
213 3972 288 4043 irno
302 3967 572 4141 nequessJudaeos
588 3984 806 4045 convertere
847 3988 964 4060 neque
978 3971 1091 4043 ethni·

36 4087 103 4139 cos
119 4067 289 4142 inducere
305 4073 408 4163 potui
438 4083 518 4161 ent,
544 4066 605 4144 nist
623 4070 722 4163 quod
743 4023 840 4140 credi
859 4069 902 4140 ab
923 4069 973 4141 eis
990 4072 1093 4142 vole·

35 4166 145 4259 bant,
167 4169 296 4241 ordine
315 4182 550 4264 exponerent.
599 4168 724 4243 Multo
744 4166 873 4266 magis,
895 4162 987 4265 jam,
1016 4189 1093 4243 cre·

91 4260 226 4344 Tertull.
250 4268 338 4350 Tou.
355 4272 402 4370 Il,
624 4267 694 4368 Gg
960 4264 1043 4343 den·
