2468 4530
49 39 1186 287 ψ

76 476 158 559 '39¹
229 454 278 557 Q.
303 449 442 531 Saar.
467 448 608 529 raon.
634 444 1002 527 Tarquiniana

82 637 179 697 vcro
211 636 259 693 err
288 628 415 689 natura
440 610 684 706 proprietatis.
750 608 860 685 Certe
891 610 986 685 enim
1016 606 1144 684 domuc

86 718 214 795 animm
228 734 315 793 caro
331 710 402 805 est,
434 711 675 803 &inquilinus
694 710 807 783 carnis
823 711 947 783 anima.
1000 708 1143 781 Deside-

83 818 182 895 rabit
199 816 321 905 itaque
333 812 525 903 inquilinus
545 832 591 884 ex
608 809 741 904 caussa,
767 810 800 883 dc
819 811 1022 885 necessitate
1041 808 1143 899 hujus

86 914 245 995 nominis
263 910 453 1005 profutura
475 910 617 999 domui,
644 926 729 985 toto
746 909 972 1002 inquilinatus
990 905 1041 982 sui
1057 922 1144 981 tem·

86 1035 205 1113 pore,
231 1032 309 1087 non
325 1024 369 1083 ut
387 1009 459 1103 ipse
471 1008 741 1097 substruendus,
767 1032 835 1083 nec
856 1024 896 1082 ut
905 1006 977 1105 ipse
992 1008 1144 1081 lorican-

87 1114 178 1203 dus,
201 1134 270 1189 nec
285 1126 326 1185 ut
340 1109 411 1201 ipse
432 1109 690 1201 tibicinandus,
717 1108 776 1182 sed
790 1107 1042 1181 tantummodo
1059 1128 1144 1181 con·

88 1214 275 1289 tinendus:
302 1211 471 1301 quianon
487 1209 589 1283 aliter
604 1210 783 1283 contineri
796 1208 901 1299 poffit
914 1229 1019 1300 quarn
1033 1207 1144 1283 domo

88 1312 192 1391 finita.
245 1308 417 1399 Alioquin
438 1309 560 1381 licebit
575 1312 696 1383 animae
712 1305 841 1401 dilapsa
856 1309 968 1382 domo
983 1328 1030 1383 ex
1046 1304 1145 1381 desii·

88 1414 236 1485 tutione
256 1409 485 1503 propriorum
507 1406 735 1483 subsidiorum
751 1409 925 1481 incolumi
945 1408 1064 1499 abire,
1089 1406 1146 1481 ha·

89 1510 191 1587 benti
206 1508 264 1585 sua
280 1506 547 1583 firmamenta&
561 1509 716 1600 propriae
731 1507 950 1583 conditionis
967 1506 1145 1597 alimenta,

90 1607 423 1699 immortalitatem,
453 1606 757 1699 rationalitatem,
789 1602 1073 1699 sensualitatem,
1097 1605 1145 1681 iu·

91 1706 420 1797 tenedualitatem,
445 1708 579 1783 arbitrii
600 1706 812 1783 libertatem.

168 1830 226 1903 39.
253 1810 343 1905 Quae
365 1807 485 1881 omnia
506 1806 679 1881 nativitus
704 1807 826 1879 animae
852 1806 1024 1898 conlata,
1056 1804 1146 1879 iden

92 1906 204 2001 quiin
224 1905 423 1999 primordio
441 1905 593 1995 invidit,
618 1926 714 1979 nunc
731 1926 876 1996 quoque
893 1906 1086 1981 obumbrat
1099 1916 1145 1975 at·

92 2028 166 2099 que
177 2004 369 2099 depravat,
387 2026 461 2094 quo
476 2005 592 2077 minus
605 2019 666 2079 aut
681 2005 779 2075 ultro
793 2002 1074 2094 prospiciantur,
1090 2013 1145 2075 aut

94 2127 164 2196 qua
181 2118 332 2198 oportet
348 2102 644 2181 administrentur.
684 2102 748 2175 Cui
766 2104 859 2175 enirn
876 2102 1062 2177 hominum
1077 2120 1145 2175 non

93 2204 288 2277 adhaerebit
311 2199 447 2292 spiritus
468 2222 640 2293 nequam,
667 2200 799 2292 abipsa
820 2202 925 2276 etiam
944 2204 1052 2289 janua
1065 2199 1146 2273 nati·

93 2302 218 2373 vitatis
235 2301 364 2377 mimas
382 2301 678 2393 aucupabundus,
704 2304 765 2374 vel
780 2324 848 2391 qua
863 2301 1057 2387 invitatus,
1074 2312 1147 2373 tota

93 2400 155 2477 illa
168 2398 347 2494 puerperii
364 2397 635 2491 superstitiones
656 2402 711 2475 lta
726 2422 851 2473 omnes
865 2400 1073 2477 idololatria
1090 2400 1147 2473 ob

92 2496 239 2577 stetrice
253 2496 465 2591 nascuntur,
492 2500 574 2575 dum
591 2499 650 2595 ipsi
670 2501 784 2573 adhuc
804 2502 895 2571 uteri
917 2501 1038 2573 imulas
1062 2494 1147 2593 apud

93 2598 193 2673 idola
216 2596 390 2675 confectis
413 2598 588 2688 redimiti,
622 2602 798 2695 genimina
817 2598 875 2671 sua
895 2599 1148 2671 daemoniorum

94 2698 274 2773 canditate
288 2694 527 2790 profitentur,
553 2698 636 2773 dum
652 2699 686 2773 in
700 2715 804 2790 partu
819 2696 966 2773 Lucinae
982 2699 1016 2771 dt
1032 2699 1148 2773 lliaus

93 2798 272 2888 ejulatur,
299 2797 380 2871 dum
400 2819 464 2889 per
481 2814 595 2871 totam
613 2797 870 2873 hebdomadam
886 2799 1021 2890 Junoni
1038 2792 1150 2872 mensa

93 2896 335 2989 proponitur,
363 2896 444 2969 dum
469 2897 591 2973 ultima
610 2897 667 2973 die
689 2898 760 2969 fata
776 2895 959 2971 scribunda
974 2898 1150 2985 advocan-

92 3006 177 3079 tur,
213 2994 295 3065 dum
311 2996 423 3083 prima
443 2998 549 3069 etiam
571 2994 782 3069 constitutio
802 2996 946 3069 infantis
963 2994 1068 3089 snper
1085 3012 1151 3070 ter·

92 3112 170 3166 ram
188 3090 336 3165 Statinae
356 3092 443 3165 Deae
465 3092 599 3169 sacrum
624 3094 684 3169 est.
736 3097 828 3193 Quis
847 3117 922 3169 non
945 3097 1078 3170 exinde
1095 3104 1151 3169 aut

92 3204 218 3265 totum
241 3186 304 3265 filii
324 3206 433 3282 caput
455 3194 568 3265 reatui
596 3209 737 3284 vovet,
765 3210 827 3265 arat
849 3195 1000 3287 aliquem
1023 3193 1154 3289 excipit

93 3293 252 3382 crinem,
280 3306 341 3363 aut
366 3306 445 3363 tota
471 3295 652 3367 novacula
668 3290 862 3387 prosecat,
898 3309 959 3367 aut
980 3293 1151 3369 sacrificio

94 3392 255 3485 obligat,
284 3404 345 3463 aut
361 3388 461 3462 sacro
478 3390 660 3487 obsignat,
686 3414 754 3485 pro
768 3395 930 3487 gentica,
957 3416 1026 3485 pro
1045 3395 1152 3483 avita,

91 3508 165 3585 pro
189 3490 358 3582 publica,
393 3505 455 3561 aut
479 3492 620 3581 privata
643 3492 856 3569 devotione.
907 3492 967 3565 Sic
988 3492 1151 3588 igitur&

92 3587 283 3663 Socratem
305 3609 455 3680 puerum
479 3590 595 3663 adhuc
615 3588 753 3683 spiritus
770 3591 987 3667 daemonicus
1004 3593 1152 3669 invenit.

92 3686 154 3761 Sic
178 3686 212 3763 dt
240 3689 404 3764 omnibus
429 3686 537 3763 Genii
562 3690 799 3783 deputantur,
833 3692 932 3783 quod
955 3692 1152 3765 demonum

67 3807 231 3863 'nomen
253 3786 315 3862 est.
367 3787 475 3861 Adeo
497 3789 594 3863 nulla
617 3788 728 3862 ferme
750 3790 920 3865 nativitas
939 3792 1073 3865 munda
1094 3788 1153 3879 eil,

88 3885 220 3977 utique
236 3886 475 3962 ethnicorum.
527 3888 625 3961 Hinc
641 3889 735 3961 enirn
756 3888 789 3960 dc
808 3887 1008 3984 Apostolus
1028 3912 1073 3963 ex
1088 3889 1154 3963 san·

93 3980 252 4059 stificato
274 3986 450 4061 alterutro
468 3984 552 4059 sexu
567 3986 702 4061 sanstus
722 3990 903 4079 procreari
925 3991 996 4080 ait,
1024 4003 1097 4063 tam
1114 4002 1153 4061 er

89 4082 235 4161 seminis
251 4088 514 4184 prerogativa,
536 4107 640 4181 quam
656 4108 702 4161 ex
718 4086 950 4164 institutionis
966 4088 1151 4261 digiplina

1034 4204 1108 4262 ete·
