2400 4590
332 526 416 584 or-
457 506 703 589 Antrum.
975 514 1047 607 369

58 666 258 742 &luderes
290 671 377 745 ansa
400 668 539 745 desrerit
555 669 693 763 inquies
726 668 836 763 ejus,
865 668 916 743 illi
944 674 1045 765 prius

54 766 271 842 timescatisi
303 790 349 841 an
369 770 403 841 dr
420 768 538 843 audiat
552 770 625 863 jam
647 770 685 843 in
704 768 834 859 vobis,
866 788 973 859 quum
998 768 1044 843 ad

54 890 131 941 uum
158 864 283 942 sonum
309 870 510 943 excutitur:
547 890 592 941 an
617 868 652 941 dc
678 869 840 943 ciborum
864 868 1041 943 vanitates

64 964 294 1059 desideretis,
327 968 378 1043 iili
401 966 507 1041 etiam
536 966 740 1042 fastidiatis:
763 972 818 1043 'an
842 964 879 1039 dt
901 980 1040 1039 valetu-

55 1068 130 1139 ibus
163 1067 320 1141 invicem
349 1070 640 1159 communicetis,
673 1068 732 1141 iiie
763 1065 905 1159 quidem
929 1086 1045 1157 usque

54 1164 259 1237 rtusronibus
286 1165 434 1259 vestris,
471 1168 599 1259 quibus
625 1166 660 1239 dt
685 1164 757 1258 ipse
782 1166 878 1237 intus
900 1186 964 1261 per
989 1188 1046 1237 ea·

54 1286 70 1335 n
94 1266 253 1337 membra
276 1264 449 1359 signatur,
486 1268 627 1359 rapiens
651 1266 713 1338 sibi
738 1264 882 1357 injurias
907 1267 1041 1339 matris.

54 1364 148 1433 livor
179 1384 222 1438 ac
243 1366 357 1437 rubor
388 1362 560 1461 sanguinis
592 1364 699 1459 paisro
730 1362 801 1455 est,
836 1362 908 1437 fine
928 1366 1044 1437 anima

54 1482 66 1533 r
91 1462 159 1533 erit
190 1458 349 1558 sanguis:
382 1464 606 1537 srvaletudo
637 1464 761 1537 anime
793 1462 941 1537 acceffio
972 1460 1044 1557 est,

54 1585 60 1631 ε
83 1562 196 1634 anima
219 1582 295 1635 non
316 1564 386 1634 erit
410 1563 608 1636 valetudo:
640 1562 664 1635 sr
687 1562 881 1655 alimonia,
914 1562 1045 1655 inedia,

54 1674 200 1751 menta,
241 1662 500 1754 decrementa,
540 1682 687 1759 pavor,
727 1674 879 1753 motus,
919 1658 1047 1733 tratta-

71 1757 122 1831 est
146 1760 289 1851 animae,
322 1760 377 1831 his
402 1762 462 1851 qui
487 1759 673 1857 fungitur,
704 1762 820 1835 vivet.
876 1758 1047 1852 Denique

54 1860 115 1931 init
136 1859 294 1951 vivere„
321 1859 383 1949 qui
408 1859 533 1933 definit
547 1860 659 1957 sangi.
707 1858 930 1951 Denique&
951 1878 1048 1932 mor·

71 1956 249 2050 eduntur,
285 1960 473 2049 quomodo
498 1958 560 2033 nist
585 1958 621 2031 o
644 1960 746 2031 vivi:
782 1962 842 2050 qui
869 1966 986 2031 autem
1011 1958 1047 2029 dt

55 2058 147 2146 rtrri,
173 2056 235 2129 nisr
259 2059 320 2148 qui
345 2060 443 2150 prius
469 2058 575 2133 vivii
606 2054 745 2150 Atquin
771 2056 807 2130 dt
825 2058 862 2131 in
888 2054 964 2147 ipso
986 2056 1049 2127 ad-

54 2178 62 2225 :
92 2171 199 2226 utero
227 2157 343 2229 infans
374 2158 573 2231 trucidatur
597 2155 785 2231 necess'atia
819 2154 1046 2247 crudelitate,

54 2276 99 2327 tm
125 2256 161 2327 in
188 2259 287 2327 exitu
312 2257 515 2349 obliquatus
541 2258 692 2353 denegat
724 2271 892 2349 partum,
927 2254 1047 2329 matri-

54 2376 70 2425 a
101 2355 139 2425 ni
172 2356 378 2429 moriturus.
429 2358 552 2447 ltaque
580 2358 614 2430 &
644 2360 737 2429 inter
763 2376 857 2427 arma
881 2352 1048 2450 Medico·

54 2476 71 2525 r
101 2453 135 2524 dr
166 2473 331 2549 organon
363 2453 438 2547 est,
475 2477 547 2545 quo
579 2457 676 2548 prins
701 2454 882 2547 patescere
912 2452 1048 2526 secreta

54 2567 172 2644 guntur
210 2554 326 2624 tortili
358 2568 673 2645 temperamento,
712 2576 793 2625 cunr
828 2553 935 2623 anulo
974 2552 1049 2621 cui-

54 2668 88 2722 :o
118 2671 193 2742 quo
225 2654 321 2724 intus
352 2654 510 2725 membra
535 2653 718 2729 caeduntur
743 2654 850 2721 anxio
883 2651 1048 2743 arbitrio,

54 2772 73 2823 n
92 2750 224 2823 hebete
240 2771 338 2821 unco
363 2772 435 2838 quo
454 2766 574 2822 totum
591 2750 726 2823 sacinus
747 2748 943 2820 adtrahitur
970 2753 1054 2819 vio·

54 2864 94 2921 to
110 2851 313 2941 puerperio.
355 2845 416 2921 Est
430 2851 535 2923 etiam
550 2870 684 2922 aeneum
699 2846 892 2941 spiculum,
904 2869 982 2939 ¹quo
994 2848 1050 2938 ju·

54 2949 127 3019 atio
145 2947 216 3040 ipsa
233 2948 394 3043 dirigitur
411 2970 508 3021 caeco
525 2949 736 3023 latrocinio:
767 2942 1051 3037 {depossuerunt

54 3051 173 3119 vellant
196 3048 239 3121 de
261 3048 472 3121 infanticidii
494 3046 642 3139 officio,
670 3048 794 3139 utique
816 3048 977 3119 viventis
997 3046 1050 3118 in-

54 3148 99 3217 tis
114 3149 405 3241 peremptorium.
457 3148 542 3221 Hoc
555 3148 840 3239 &Hippocrates
854 3146 998 3235 habuit,
1016 3144 1051 3215 &

54 3246 246 3339 :iepiades,
274 3247 309 3317 ἃ
323 3245 546 3320 Erasistratus
560 3248 596 3319 δι
610 3248 784 3338 majorum
802 3266 946 3337 quoque
967 3264 1051 3336 pro-

54 3344 110 3414 ior
128 3344 368 3437 Herophilus,
396 3346 566 3419 &mitior
580 3344 651 3439 ipse
669 3346 845 3435 Soranus,
875 3344 963 3416 certi
980 3342 1052 3413 ani·

54 3443 63 3514 i
79 3439 148 3514 esse
162 3458 394 3537 conceptum,
417 3460 522 3536 atque
536 3447 584 3517 ita
599 3443 729 3518 miserti
741 3443 976 3516 infelicissima
988 3442 1052 3513 hu-

54 3542 147 3616 modi
164 3544 343 3634 infantie,
369 3556 411 3615 ut
428 3546 525 3637 prius
546 3544 753 3636 occidatur,
778 3566 826 3614 ne
843 3544 929 3613 viva
944 3540 1052 3615 lanie-

54 3698 63 3715 .
113 3642 173 3714 De
195 3666 265 3734 qua
283 3642 420 3716 sceleris
437 3644 640 3717 necessitate
658 3665 726 3716 nec
742 3643 926 3713 dubitabat
940 3640 1051 3711 credo

54 3742 176 3833 :esius,
200 3745 270 3834 jam
284 3746 375 3813 natis
393 3743 542 3817 animam
562 3741 800 3835 superducens
817 3762 861 3812 ex
880 3740 969 3812 acris
991 3737 1053 3810 sri-

54 3840 67 3909 ‚i
94 3845 216 3935 pulsu,
253 3843 336 3932 quia
359 3840 526 3933 &ipsum
552 3844 773 3914 vocabulum
797 3842 919 3912 anima
941 3858 1053 3932 penes

54 3960 145 4011 aecos
174 3944 218 4013 de
251 3940 523 4035 refrigeratione
550 3940 781 4035 respondens.
843 3938 942 4012 Num
965 3958 1053 4032 ergo

54 4040 154 4110 rbarae
175 4038 418 4131 Romanaque
442 4056 567 4135 gentes
592 4044 700 4114 aliter
719 4039 941 4129 animantur,
973 4037 1055 4127 quia

54 4160 145 4211 mam
167 4141 261 4214 aliud
279 4140 385 4233 quid,
413 4160 519 4232 quam
540 4139 656 4234 ψυχιη
678 4132 1054 4237 cognominaverunt?

54 4234 183 4315 matur.
208 4241 296 4313 Tam.
315 4244 360 4314 Ii.
563 4239 633 4315 Aa
884 4238 1005 4337 Quan-
