2468 4530
83 422 160 513 664
234 418 283 523 Q.
308 412 440 495 Srrr.
464 414 605 493 Fron.
630 413 1013 493 rariorum

86 582 254 659 bavirnus
270 592 359 653 tunc
375 576 510 653 veniss'e
525 575 720 669 Christum,
737 578 776 649 id
789 574 846 651 est
860 590 1013 669 natum,
1033 575 1143 667 &qna

88 680 229 755 tuor&
252 678 402 753 dimidie
424 678 745 769 hebdomadarum,
772 676 960 770 quaesunt
978 672 1144 751 subdivisa

86 782 127 854 in
150 777 378 851 abscisionem
406 778 567 869 priorum
593 776 934 870 hebdomadarum,
970 777 1065 849 intra
1085 794 1146 865 que

88 892 257 970 tempora
268 876 402 969 passum
416 876 632 951 ostendimus
647 874 849 969 Christum,
878 888 992 967 atque
1005 878 1055 947 ita
1066 868 1146 947 Lxx

89 978 367 1053 hebdomatibus
390 975 587 1068 conclusis,
613 974 647 1047 dr
669 975 821 1047 civitate
841 974 1148 1065 exterminata,dr

90 1072 301 1151 sacrificium
319 1075 353 1147 dr
369 1074 574 1149 untiionem
591 1076 719 1147 exinde
737 1072 886 1150 ceffare.
944 1073 1082 1149 Sufficit
1091 1074 1148 1145 hue

90 1198 207 1266 usque
220 1174 265 1247 de
281 1177 334 1249 his
350 1176 491 1247 interim
506 1173 668 1249 ordinem
682 1172 810 1247 Christi
825 1172 1051 1269 decurriise,
1068 1168 1148 1265 quod

91 1278 173 1347 talis
194 1276 391 1365 probatur,
425 1275 537 1365 qualis
557 1274 874 1367 adnunciabatur,
901 1278 1017 1348 etiarn
1039 1295 1082 1347 ex
1100 1268 1149 1343 ista

68 1372 332 1447 =c0nsonantia
345 1372 615 1465 scripturarum,
641 1394 709 1465 qua
728 1394 772 1445 ex
787 1374 1010 1467 praejudicio
1023 1370 1148 1464 majoris

90 1473 231 1567 partis,
263 1470 448 1545 adversum
471 1473 642 1565 Jndaeos,
676 1471 813 1543 elocuti
836 1470 976 1549 sumus.
1036 1470 1147 1561 Neque

91 1572 188 1645 enirn
213 1572 250 1645 in
277 1572 422 1645 dubium
442 1572 620 1644 deducant
645 1572 706 1643 vel
729 1587 895 1667 negent,
938 1594 1021 1663 quae
1042 1569 1148 1663 scripte

90 1670 328 1765 proferimus:
354 1685 395 1741 ut
408 1692 452 1741 ex
469 1672 542 1743 hoc
556 1690 700 1762 quoque
713 1670 811 1763 paria
823 1668 898 1743 eise
915 1668 1099 1765 scripturis
1110 1666 1146 1739 di

90 1769 189 1841 vinis
202 1790 333 1865 negare
349 1790 425 1841 non
438 1772 584 1865 poisrnt:
605 1783 648 1841 ut
661 1788 737 1860 quae
753 1766 837 1861 post
848 1766 1037 1845 Christum
1051 1768 1146 1841 fumi

90 1872 412 1961 praecanebantur,
439 1869 629 1961 adimpleta
643 1864 938 1965 cognoscantur,
958 1870 1025 1944 nifi
1037 1868 1147 1941 illene

91 1966 222 2059 niffet,
237 1968 318 2061 post
336 1990 441 2058 quern
459 1970 638 2041 habebant
651 1966 829 2061 expungi,
850 1988 936 2058 quae
953 1968 1146 2041 nunciaban

92 2076 178 2156 tur,
204 2086 283 2157 que
299 2066 480 2157 completa
497 2066 578 2140 sunt
596 2066 702 2139 etiam
718 2068 984 2158 probarentur.

139 2232 261 2405 iren}
281 2234 335 2283 nn
356 2233 618 2286 ennarrans
640 2210 865 2288 cnnrrunr'
884 2238 938 2289 rn
967 2230 1146 2291 cnnrsrn

269 2332 363 2383 esu.

172 2480 227 2534 12.
254 2457 413 2553 Aspicite
426 2461 608 2537 universas
625 2462 790 2535 nationes
799 2516 818 2555 „
841 2462 888 2537 de
910 2466 1092 2560 voragine
1110 2482 1146 2535 er·

91 2560 188 2633 roris
206 2560 370 2652 hnmani,
397 2560 525 2635 exinde
541 2576 762 2658 emergentes
779 2562 823 2634 ad
840 2561 1036 2639 dominum
1050 2564 1148 2637 Deum

93 2676 296 2733 creatorem
320 2659 548 2735 &Christum
577 2663 663 2753 ejus.
722 2660 821 2735 Etsi
851 2664 996 2757 audes,
1035 2682 1147 2759 negare

90 2760 373 2852 prophetatum
407 2758 521 2835 statim
536 2761 599 2833 tibi
614 2760 792 2854 promiffio
809 2764 924 2854 patris
945 2762 1147 2835 occurritin

90 2856 233 2929 Psalmis
248 2857 388 2930 dicens:
412 2861 514 2930 bilius
526 2886 609 2931 meur
622 2886 651 2929 es
666 2878 720 2946 tu,
738 2886 786 2953 ego
796 2862 888 2932 hodie
900 2870 1005 2955 genui
1025 2882 1066 2935 te.
1093 2866 1150 2935 Pdt

91 2984 113 3026 a
128 2981 192 3037 me,
219 2956 258 3030 6
274 2960 343 3025 rain
363 2958 425 3027 tibi
441 2978 549 3051 gentes
567 2963 782 3031 hereditatem
797 2978 886 3031 tuam
900 2966 940 3037 U
957 2956 1150 3059 poffiffionm

90 3072 178 3127 tuam
204 3071 356 3126 terminos
379 3074 482 3134 terra.
533 3060 615 3131 Nec
636 3062 773 3152 poteris
796 3082 879 3133 eum
902 3064 1019 3160 magis
1041 3057 1148 3135 David

88 3152 205 3229 filium
231 3156 376 3247 dicere,
404 3179 508 3248 quam
535 3158 734 3233 Christum:
770 3173 831 3231 aut
857 3163 1039 3235 terminos
1060 3178 1150 3234 terre

89 3250 215 3327 Daiid
237 3258 358 3348 potins
381 3255 598 3351 promissos,
630 3260 690 3350 qui
717 3260 810 3332 intra
833 3260 983 3333 unicam
1007 3263 1149 3357 Judaeam

90 3358 281 3447 regnavit,
307 3376 409 3446 quam
429 3355 591 3449 Christe,
614 3359 672 3449 qui
688 3360 891 3451 totumjam
904 3362 1040 3433 orbem
1057 3378 1149 3433 evan·

87 3455 172 3547 getii
189 3452 238 3525 sui
252 3451 322 3525 tide
340 3456 455 3547 cepit,
481 3458 569 3530 sicut
585 3478 649 3549 per
667 3454 802 3531 Esaiam
816 3458 922 3531 dicit:
953 3462 1037 3532 Ecce
1051 3462 1149 3531 dedite

89 3558 131 3620 in
144 3552 366 3649 dispofitiomm
375 3561 500 3647 generis
514 3565 574 3626 mei
588 3563 624 3625 in
634 3559 731 3633 lucem
740 3562 900 3650 gentium,
910 3570 1086 3656 utaperias
1095 3580 1148 3629 otu·

89 3652 136 3722 los
153 3678 318 3743 cecorum,
336 3657 460 3744 utique
474 3658 689 3745 errantium
706 3658 860 3745 exsedvtre
874 3660 911 3728 de
921 3664 1072 3731 viriculis
1084 3664 1150 3729 vin·

88 3750 176 3835 tin,
202 3750 305 3823 idest
323 3752 457 3823 delitiis
477 3756 646 3828 liberare:
673 3760 712 3833 θ
726 3759 860 3827 dedomo
877 3766 1035 3846 carceris,
1062 3759 1096 3831 id
1110 3752 1149 3829 est

88 3852 239 3929 mortis.
265 3853 404 3935 [edentes
424 3856 631 3938 intenebris,
660 3854 872 3951 ignorantie
887 3855 1034 3933 seilicet
1070 3860 1148 3957 Quae

85 3948 199 4042 siper
218 3946 394 4023 Christum
420 3956 622 4045 eveniunt,
660 3976 735 4028 non
759 3958 794 4027 in
817 3958 924 4029 aliurn
948 3974 1056 4030 erunt
1077 3975 1146 4049 pro·

89 4048 256 4141 phetata,
283 4071 387 4143 qnam
406 4072 472 4144 per
492 4075 596 4145 quem
616 4054 793 4149 expuncta
811 4054 1087 4131 confideremus.

958 4176 1015 4249 13.
1040 4154 1102 4251 Igi-
