2400 4590
140 492 187 575 86
304 493 351 589 Q.
377 489 504 564 Sera.
531 488 665 563 Fron.
691 486 1025 561 Tenrunmnnr

139 650 203 746 est,
214 664 276 725 aut
286 653 488 745 cruciabor,
497 650 713 742 impatientia
723 664 832 724 muta.
860 648 948 721 Cum
961 647 1190 741 ergopercus

138 752 218 827 sero
243 750 472 841 maledictus,
498 750 685 841 quomodo
711 748 851 821 secutus
878 750 1041 820 inveniar
1068 748 1190 821 doctri·

138 874 220 929 nam
237 852 399 945 domini,
434 872 503 943 qua
519 850 686 921 traditum
706 849 778 937 est,
804 870 880 919 non
903 848 1127 921 vasculorum
1149 845 1190 921 in‘·

140 952 397 1045 quinamentis,
424 947 483 1022 sed
500 970 624 1023 eorum
640 972 716 1039 qaia
731 970 775 1019 ex
791 969 856 1018 ore
869 964 1104 1052 pronuntiat,
1133 950 1190 1020 ho·

138 1054 271 1127 minem
285 1050 550 1123 communicari.
606 1050 713 1139 itam3
735 1069 878 1119 manere
894 1068 961 1119 nos
978 1049 1093 1119 omnis
1112 1071 1190 1119 van·

140 1152 175 1224 ἀ
195 1150 403 1245 supervacui
423 1148 502 1221 didi
522 1164 670 1222 r-eatrtm.
728 1148 894 1238 Sequitur
916 1169 1002 1241 crgo
1024 1160 1064 1219 ut
1085 1170 1105 1218 a
1124 1170 1190 1241 qur

138 1272 209 1326 nos
231 1248 539 1337 dominus'arcet,
576 1248 669 1319 idem
698 1248 741 1317 ab
769 1247 839 1317 aiio
863 1245 1103 1337 aequanimiter
1124 1264 1190 1337 pat

140 1350 342 1423 admoneat.
396 1347 465 1419 Hic
485 1348 555 1437 jam
582 1346 625 1418 de
649 1347 829 1439 patientiae
851 1348 1053 1439 voluptate.
1104 1346 1190 1419 Nan

140 1450 258 1521 omnis
278 1447 425 1539 injuria,
457 1443 516 1519 seu
540 1449 685 1541 lingua,
718 1444 776 1517 seu
801 1466 907 1518 manu
930 1444 1083 1533 incussa,
1119 1468 1190 1521 cun

139 1548 347 1645 patientiam
361 1544 577 1636 offenderit,
598 1544 726 1618 eodem
743 1546 841 1617 exitu
856 1544 1104 1639 dispungetur,
1125 1568 1190 1637 que

139 1650 253 1721 telum
273 1644 418 1741 aliquod
440 1647 477 1719 in
496 1660 633 1743 petram
650 1642 927 1717 constantiffimae
948 1644 1085 1715 duritia
1097 1646 1190 1719 libra·

140 1762 233 1837 tttm,
249 1746 281 1817 dt
299 1744 475 1820 obtusum.
527 1744 705 1817 Concidet
721 1745 813 1817 enim
828 1743 957 1815 ibidem
975 1744 1072 1815 irrita
1087 1766 1190 1839 opera

141 1842 430 1933 &infructuosa
458 1844 765 1935 &nonnunquam
789 1842 1027 1939 repert-nisum
1049 1845 1084 1915 in
1103 1868 1190 1939 enm,

142 1947 203 2041 qui
219 1945 351 2035 emisit,
369 1946 558 2039 reciproco
575 1945 710 2039 impetu
725 1942 854 2016 saeviet.
907 1942 1047 2035 Nempe
1062 1943 1190 2017 idcirce

143 2048 220 2139 quis
242 2058 279 2117 te
297 2044 412 2137 iaedit,
436 2056 479 2115 ut
493 2044 633 2116 doleas:
660 2043 739 2133 quia
761 2042 892 2115 fructus
914 2043 1070 2115 ludentis
1086 2044 1122 2117 in
1137 2048 1190 2118 do·

141 2148 223 2219 lore
242 2143 309 2217 laesi
323 2140 383 2219 est.
434 2142 534 2235 Ergo
549 2164 629 2217 curn
643 2140 793 2215 studium
810 2144 884 2232 ejus
902 2144 1096 2233 everteris,
1122 2166 1190 2219 nor.

143 2242 326 2335 dolendo,
352 2240 425 2335 ipse
437 2242 559 2317 doleat
574 2238 711 2317 necesse
726 2242 775 2315 cst
791 2242 967 2315 amissione
984 2240 1115 2315 fruitus
1129 2244 1179 2317 sui

142 2356 231 2415 tunc
246 2354 286 2413 tu
301 2364 376 2415 non
390 2340 502 2415 modo
518 2340 639 2415 iilaestrs
657 2342 753 2432 abis,
774 2340 988 2433 quodetiam
1007 2337 1118 2415 solum
1135 2346 1187 2417 tib

143 2440 294 2536 sufficit,
321 2441 379 2515 sed
397 2440 541 2535 'insuper
566 2436 751 2515 adversarii
778 2444 830 2513 tui
853 2442 1081 2514 frustratione
1100 2446 1190 2516 oble·

145 2535 280 2635 status,
307 2540 341 2614 dt
364 2542 493 2615 dolore
513 2540 686 2617 defensus.
738 2540 826 2617 Haec
841 2540 892 2615 est
912 2543 1090 2637 patientie
1109 2544 1190 2617 utili·

144 2654 199 2716 tas
215 2640 443 2735 &voluntat

219 2766 253 2838 9.
281 2742 341 2815 Ne
364 2742 422 2815 illa
438 2740 579 2834 quidem
599 2742 826 2837 impatientiae
844 2738 976 2835 species
999 2735 1190 2814 excusatur.

143 2842 181 2915 in
207 2842 382 2913 amiffione
404 2842 607 2914 nostrorum
626 2896 638 2935 ,
684 2842 744 2913 ubi
766 2843 879 2931 aliqua
901 2842 1019 2912 dolori
1045 2826 1190 2931 pitroci

144 2955 250 3014 natur
274 2938 428 3011 affectio.
478 2938 739 3030 Proponendus
764 2940 814 3011 est
835 2942 928 3011 enirn
950 2938 1125 3031 respecins
1143 2942 1190 3015 de

144 3036 379 3111 nuntiationis
404 3032 595 3129 Apostoli,
623 3038 682 3129 qui
706 3040 771 3109 ait:
806 3042 860 3111 Ne
882 3042 1113 3136 eonrrijiemini
1135 3044 1190 3111 dar

144 3140 277 3206 misione
299 3140 501 3231 cuiusquam,
518 3138 600 3233 sttui
621 3142 788 3223 arationes,
816 3162 880 3233 quac
896 3140 950 3235 spe
975 3156 1094 3212 careni.
1154 3138 1190 3212 Ε·

145 3234 288 3311 merito.
315 3234 510 3309 Credentes
522 3236 615 3309 enirn
633 3234 921 3311 resurrectionem
934 3238 1073 3328 Christi,
1087 3240 1123 3313 in
1137 3262 1190 3313 no

146 3334 251 3411 stram
267 3356 410 3427 quoque
426 3336 623 3429 credimus,
649 3351 801 3430 propter
820 3358 909 3431 quos
927 3340 985 3411 iile
1006 3338 1039 3411 dt
1060 3341 1154 3413 obiit
1171 3340 1190 3413 d

145 3432 347 3509 resurrexit.
397 3428 496 3531 Ergo
516 3455 596 3509 cum
613 3436 753 3509 constet
772 3438 815 3511 de
838 3436 1093 3511 resurretiione
1109 3460 1190 3513 mor

147 3547 319 3630 tuorum,
353 3546 460 3605 vacat
480 3534 587 3607 dolor
607 3540 764 3628 mortis,
798 3554 903 3609 vacat
930 3539 962 3609 &
983 3540 1190 3634 impatienti:

148 3630 297 3709 doloris.
363 3630 436 3707 Cur
458 3654 545 3727 ergo
567 3636 715 3725 doleas,
747 3636 928 3730 fiperiiiic
954 3660 1031 3711 non
1060 3638 1190 3713 credis·

149 3730 224 3805 Cur
241 3732 464 3827 impatienter
481 3734 573 3807 seras
589 3730 793 3809 srrbdutiunr
817 3740 980 3832 interim,
1006 3760 1112 3829 quero
1130 3762 1190 3815 cte

149 3830 202 3903 dis
219 3830 469 3907 reversurum?
496 3830 673 3909 Profectio
695 3834 764 3928 est,
791 3858 894 3928 quam
916 3852 1017 3929 putas
1035 3854 1190 3917 morteto

149 3928 239 4005 Non
259 3928 309 4003 cst
323 3934 496 4027 lugendus
515 3936 573 4025 qui
590 3932 788 4025 antecedit,
815 3932 872 4007 sed
888 3938 992 4027 piane
1010 3938 1190 4015 desiderari

150 4028 226 4105 dus.
276 4028 318 4103 Id
338 4050 482 4125 quoque
504 4032 707 4105 desiderium
727 4036 897 4125 patientia
920 4040 1190 4129 temperandum

58 4212 61 4218 ,
152 4123 226 4205 Cur
242 4130 336 4206 enirn
353 4132 586 4207 immoderate
607 4130 699 4207 feras
725 4130 865 4228 abiisse,
891 4156 996 4228 quem
1015 4161 1104 4211 mox
1130 4140 1190 4215 fnh

1033 4236 1156 4331 seque·
