2400 4590
97 482 173 609 294
262 505 1027 615 Q.Stra.Ftoa.Trarutt1aur

94 676 205 751 ambo
229 672 301 747 sme
320 684 477 761 autore,
502 668 574 745 sme
592 668 689 745 Deo.
743 670 835 767 Quis
856 692 914 743 me
934 670 1037 744 Deus
1061 668 1160 763 subli-

97 776 149 849 cit
165 770 458 863 contemporali,
493 766 709 843 coaetaneos
745 768 869 861 srquia
889 769 989 843 Deus
1017 770 1161 864 dicitur,

95 874 217 953 habeo
232 870 267 948 dt
280 892 349 965 ego
365 890 482 943 meum
494 890 639 943 nomen.
689 866 768 944 Aut
783 890 852 966 ego
868 866 942 945 sum
958 870 1084 961 Deus,
1101 884 1162 945 aut

96 973 158 1047 ille
174 974 335 1047 materia:
354 970 436 1060 quia
449 970 554 1042 ambo
571 967 686 1042 sumus
702 970 802 1058 quod
817 972 907 1043 alter
923 968 974 1045 est
989 967 1161 1048 nostrum.

97 1070 206 1151 Putas
227 1073 347 1161 itaque
373 1071 556 1145 materiam
576 1068 661 1143 Deo
684 1088 761 1143 non
785 1068 1022 1165 comparasse,
1056 1092 1162 1163 quant

97 1168 235 1249 scilicet
252 1170 412 1261 subjiciat
426 1168 502 1241 illis

176 1278 208 1353 8.
234 1267 373 1361 Atquin
397 1271 503 1341 etiam
526 1267 704 1363 praeponit
722 1267 818 1345 illam
834 1267 953 1362 Deo,
986 1268 1164 1343 &Deum

25 1420 28 1425 -
96 1371 226 1471 potius
252 1368 392 1461 subjicit
415 1369 592 1461 materiae,
626 1389 709 1443 cum
732 1370 814 1441 vult
839 1390 921 1443 eum
946 1369 991 1443 de
1015 1368 1166 1445 materia

98 1467 231 1545 cunda
255 1466 387 1545 fecisse.
448 1466 602 1543 sienim
628 1489 673 1539 ex
699 1468 758 1539 illa
787 1467 867 1543 usus
901 1466 953 1541 est
984 1468 1029 1543 ad
1054 1490 1167 1561 opera

97 1570 242 1649 mundi:
272 1568 344 1660 jam
366 1568 569 1645 &materia
593 1554 753 1659 superior
778 1568 983 1660 invenitur,
1009 1588 1088 1657 quae
1113 1568 1165 1645 illi

99 1670 243 1762 copiam
268 1667 441 1761 operandi
467 1664 767 1759 subministravit,
802 1665 837 1739 &
862 1666 962 1745 Deus
987 1664 1165 1759 subjesiuc

98 1769 257 1847 materia
269 1768 427 1857 videtur,
442 1768 542 1857 cujus
561 1764 757 1847 substantie
774 1768 883 1861 eguit.
934 1764 1057 1842 Nemo
1071 1768 1168 1843 enim

98 1888 178 1947 non
191 1882 274 1963 eget
289 1890 356 1959 eo,
375 1868 419 1941 de
434 1869 535 1959 cujus
554 1867 687 1941 utitur:
713 1888 821 1941 nemo
838 1887 912 1941 non
928 1864 1115 1959 subjicitur
1133 1864 1168 1943 ei

101 1970 203 2060 cuius
221 1982 322 2062 eget,
339 1984 378 2040 ot
392 1966 578 2061 possitutit
597 1966 642 2039 src
659 1965 693 2039 ἃ
709 1987 816 2041 nemo
834 1967 878 2041 de
894 1967 1011 2043 alieno
1024 1966 1166 2043 utendo

101 2089 180 2145 non
198 2068 317 2143 minor
340 2065 391 2139 est
410 2088 482 2157 eo,
516 2064 561 2139 de
587 2066 687 2157 cujus
712 2066 837 2143 utitur.
895 2063 945 2137 Et
970 2086 1080 2141 nemo
1103 2065 1167 2163 qui

99 2163 243 2261 praestat
268 2166 312 2239 de
337 2164 400 2237 suo
422 2166 498 2255 uti,
524 2184 601 2239 non
616 2164 653 2239 iu
672 2166 745 2237 hoc
760 2186 836 2238 non
854 2163 1017 2256 superior
1032 2164 1083 2241 est
1101 2186 1164 2255 eo,

103 2269 163 2341 cui
181 2264 319 2355 praestat
333 2266 397 2343 uti.
434 2263 559 2355 ltaque
574 2265 720 2339 materia
738 2264 809 2356 ipsa
826 2266 967 2356 quidem
987 2264 1070 2339 Deo
1087 2284 1169 2340 nou

102 2363 224 2459 eguit,
252 2362 311 2439 sed
331 2360 461 2459 eguisse
483 2361 566 2436 Deo
590 2363 772 2455 praestitit,
804 2364 918 2439 divite
934 2365 1169 2460 &locuplete

104 2462 140 2541 δι
157 2464 292 2539 liberali
309 2518 322 2556 ,
353 2464 485 2539 minori
504 2464 637 2556 opinor
659 2463 693 2537 dr
718 2465 878 2539 invalido
900 2465 933 2537 u
954 2464 1070 2541 minus
1090 2464 1169 2539 ido-

103 2584 179 2639 neo
206 2565 250 2635 de
276 2564 389 2640 nihilo
421 2562 566 2655 facere,
602 2584 679 2657 quae
709 2565 808 2642 velit.
867 2564 1012 2637 Grande
1038 2584 1170 2641 revera

52 2714 55 2719 -
104 2662 323 2739 beneficium
355 2664 440 2739 Deo
474 2664 657 2754 contulit,
690 2678 732 2739 ut
763 2666 911 2739 haberet
936 2664 1069 2756 hodie,
1104 2684 1169 2757 per

106 2783 213 2855 quem
239 2765 337 2838 Deus
363 2763 664 2860 cognosceretur,
698 2764 732 2835 ἃ
761 2764 990 2856 omnipotens
1015 2785 1169 2841 vocare·

105 2875 182 2955 tur,
197 2865 259 2937 nisi
275 2866 371 2957 quod
386 2866 545 2955 jamnon
560 2865 789 2955 omnipotens
804 2888 813 2940 t
829 2863 852 2935 st
870 2884 945 2937 non
965 2865 1088 2938 &hoe
1103 2884 1169 2957 po-

106 2974 211 3051 tens,
238 2983 283 3033 ex
305 2964 416 3033 nihilo
439 2964 558 3035 omnia
581 2962 757 3051 proferre.
808 2962 900 3039 Saue
916 2963 1171 3057 &sibipraesti

107 3060 156 3134 tit
170 3060 300 3151 aliquid
312 3060 479 3147 materia,
505 3072 547 3131 ut
562 3060 594 3129 &
609 3058 680 3151 ipsa
697 3082 776 3137 cum
793 3062 874 3135 Deo
888 3064 992 3153 possit
1011 3062 1168 3157 agnosci,

109 3158 300 3249 coequalis
327 3157 432 3247 Deo,
465 3160 574 3231 immo
603 3158 637 3229 u
662 3160 831 3251 adjutrix:
864 3163 927 3236 nih
951 3164 1049 3257 quod
1075 3162 1169 3237 solus

110 3281 188 3335 eam
206 3256 457 3349 Hermogenes
473 3261 673 3352 cognovit,
700 3260 732 3330 &
753 3263 1001 3337 hereticorum
1022 3264 1169 3355 patriar·

112 3360 188 3435 chae
210 3354 424 3450 philosophi,
476 3354 666 3450 Prophetis
685 3362 779 3437 enirn
801 3360 1039 3455 &Apostolis
1056 3384 1169 3461 usque

109 3458 226 3534 adnm
240 3456 353 3530 latuit,
405 3456 499 3532 Puto
515 3457 548 3529 dt
562 3454 729 3571 Christo,

185 3579 220 3651 9.
245 3556 335 3632 Non
354 3557 472 3647 potest
489 3558 607 3631 dicere
624 3558 743 3634 Deum
765 3575 807 3631 ut
824 3560 1008 3636 dominum
1023 3560 1168 3637 materia

110 3652 212 3732 usum
238 3656 280 3730 ad
307 3677 417 3751 opera
440 3658 578 3733 mundi:
604 3658 704 3731 Deus
732 3661 825 3735 enirn
851 3682 927 3735 non
953 3664 1075 3753 potuit
1102 3658 1165 3735 esse

93 3750 309 3833 ¹substantiae
329 3759 540 3851 coequalis,
567 3755 624 3831 sed
644 3760 808 3850 precario
828 3759 975 3837 forsitan
996 3760 1077 3833 usus
1101 3760 1164 3834 est:

99 3852 148 3929 .&
169 3854 254 3929 ideo
278 3859 462 3951 precario,
496 3879 571 3933 nou
594 3857 783 3949 dominio,
813 3876 882 3952 ut,
916 3883 996 3935 curn
1022 3883 1064 3933 ea
1082 3863 1166 3939 mala

22 4024 26 4029 .
111 3974 189 4029 non
214 3956 320 4051 esset,
347 3959 391 4033 de
411 3959 502 4035 mala
521 3971 639 4030 tamen
657 3955 854 4034 sustinuerit
875 3962 948 4047 uti,
974 3959 1111 4035 scilicet
1128 3977 1168 4035 ex

114 4052 317 4133 necessitate
331 4052 588 4136 mediocritatis
603 4053 691 4149 suae,
718 4081 785 4151 qua
801 4080 876 4133 non
897 4061 1044 4133 valebat
1061 4084 1107 4134 ex
1122 4060 1169 4139 ni·

115 4154 192 4233 hilo
207 4156 277 4231 uti:
296 4175 373 4235 non
387 4179 432 4235 ex
446 4155 645 4257 potestate,
662 4159 801 4254 quamsi
815 4158 988 4239 habuisset
1005 4163 1168 4237 omnino.

1081 4278 1123 4337 ut
