2400 4590
510 368 517 379 ¹
706 400 709 405 ·
915 388 927 419 e

26 502 32 515 '
110 598 135 623 ,
238 480 854 629 ''·.·pie‘·,crm'crrerr.-·rr.²
958 526 1006 603 ,“
1050 536 1142 625 4η,

60 695 128 786 srt,
151 686 335 783 resumpto
353 682 479 783 spiritu
498 684 537 759 in
559 686 700 761 celum.
751 682 1125 783 Aequeungelorurn,

66 794 103 866 dr
121 790 244 866 cedern
259 786 403 863 ratione
416 786 658 879 interceptum
671 782 742 881 est,
767 804 838 880 qur
852 783 887 858 dr
900 784 1035 861 editum
1048 784 1126 881 siref

63 904 133 967 rat
183 889 224 962 Si·
240 883 382 963 vidisset
398 906 482 963 curn
502 883 550 987 de
563 884 679 959 nihilo
694 884 970 981 proferebrtur,
995 882 1127 983 scisset,

65 1013 148 1066 curn
169 990 206 1063 in
230 988 381 1063 nirilurn
395 982 674 1061 -ssrbducebctut
710 986 767 1059 ri
792 996 870 1059 no'n
892 980 966 1061 fuit
983 983 1126 1065 initium

63 1091 226 1180 risibile,
251 1106 321 1161 nec
343 1084 436 1165 sinis.
492 1082 634 1159 Temen
660 1086 828 1181 eorporis
853 1082 1012 1159 soliditas
1029 1098 1126 1183 eret,

60 1213 139 1284 quo
161 1198 351 1264 momento
372 1200 507 1280 corpur
525 1184 742 1262 videbatur·
789 1182 882 1281 Non
904 1180 1027 1279 potest
1047 1190 1143 1269 norr'

58 1287 276 1383 iuiffequod
292 1283 464 1383 scriptun
480 1282 542 1362 est.
618 1302 624 1311 ·
1040 1298 1076 1381 Ἀ
1181 1332 1184 1341 -

29 1387 32 1392 ’
135 1412 171 1481 4.
196 1384 347 1485 rgrturn
361 1404 481 1479 nune
494 1344 960 1481 trimodum-nequo
975 1384 1126 1481 nepen-

59 1488 221 1563 eulusarn
246 1486 334 1579 Deo
358 1484 524 1580 repudies
547 1486 865 1579 corporationem:
902 1482 1057 1579 superest
1081 1502 1127 1563 trt

60 1589 158 1683 qutsr
182 1586 361 1684 indignum
382 1584 521 1679 rejicias
542 1582 578 1659 dt
600 1580 755 1659 rccuset.
804 1580 865 1657 Ab
886 1582 960 1679 ipsc
981 1585 1127 1678 quidem

10 1702 13 1707 '
58 1687 212 1764 exorsus
227 1684 439 1780 nativitate,
463 1704 617 1781 perora,
643 1694 708 1781 ege
722 1680 800 1776 ‘jnrn
821 1683 1004 1779 spurcitias
1027 1683 1126 1783 geni·

12 1852 19 1869 ,
59 1791 189 1862 talium
209 1788 246 1881 in
264 1801 374 1859 tuero
391 1784 673 1876 elementorum,
697 1782 860 1861 btrmorir
878 1782 913 1858 ὰ
932 1780 1125 1885 sanguiris,

58 1887 160 1967 foedr
182 1886 361 1983 coagula,
385 1885 502 1958 camir
522 1888 572 1957 er'
590 1881 721 1977 eodem
740 1902 847 1979 coeno
872 1884 1043 1980 tieridae,
1057 1906 1126 1983 per

57 2008 200 2063 novem
215 1982 364 2060 meuses.
412 1981 587 2058 Describe
600 1992 744 2059 uterum
763 1982 814 2057 de'
825 1980 884 2058 die
903 1984 942 2057 in
961 1984 1143 2081 demin-¹

56 2084 317 2179 soiescentem,
342 2076 514 2183 gravem,
541 2082 707 2179 anxium,
736 2102 871 2157 nerum
884 2137 897 2178 ,
910 2104 914 2115 ·
928 2096 1050 2161 totum
1070 2087 1126 2161 in·

61 2202 202 2260 eertum
223 2184 427 2259 libidinibus
449 2181 577 2257 fastidii
595 2182 629 2256 dr
647 2185 749 2280 gule.
805 2180 985 2258 Invehere
998 2170 1072 2279 jar'n
1088 2184 1126 2262 bt

58 2286 225 2378 inipsurn
239 2282 395 2357 mulieris
416 2283 585 2356 enitentis
600 2282 800 2376 pudorem,
827 2285 888 2356 vel
906 2284 1125 2379 pronatum

59 2374 275 2481 religiosum.
326 2381 465 2457 Horres
483 2383 609 2475 utique
624 2382 659 2454 dr
678 2382 851 2457 infantem
868 2404 951 2459 cum
972 2384 1040 2458 suis
1060 2387 1125 2461 irn-

57 2484 300 2581 pedimentis,
326 2478 511 2573 profusum
532 2481 656 2571 utique
673 2480 709 2554 dt
725 2482 891 2556 oblitum.
942 2482 1124 2582 Dedigna-

59 2584 157 2659 beris
172 2582 269 2674 quod
283 2580 409 2675 pannii
427 2579 612 2674 dirigitur,
638 2579 979 2681 quodundiioniuus
992 2581 1125 2658 forma·
1177 2626 1184 2637 ·

56 2696 141 2777 tur,
169 2682 267 2775 quod
283 2675 461 2752 blanditiis
477 2676 670 2752 deridetur.
720 2676 825 2752 Hanc
848 2680 1080 2756 venationem
1097 2702 1124 2758 o
1155 2697 1167 2718 ⁸

58 2782 231 2858 Marcion
265 2794 401 2852 naturae
430 2776 581 2871 despuis.
642 2772 694 2850 tt
724 2781 913 2872 quomodo
938 2792 1042 2855 natur
1068 2802 1124 2879 es,

59 2880 165 2956 odisti
188 2878 391 2953 nascentem
414 2876 616 2951 hominem:
650 2876 896 2970 &quomodo
922 2878 1037 2979 diligis
1062 2883 1123 2957 aii·

59 2981 192 3075 quemi
223 2995 261 3053 te
277 2976 419 3071 quidem
439 2978 544 3070 plane
559 2997 637 3073 non
654 2977 789 3052 ernesti:
816 2998 897 3052 curn
914 2980 959 3055 rb
975 2982 1125 3059 ecclesa

58 3082 97 3154 dt
112 3077 182 3153 fide
195 3077 323 3153 Christi
338 3075 512 3152 receffisti.
562 3068 633 3150 Sed
653 3076 787 3153 viderie
810 3076 836 3152 ii
856 3080 923 3155 tibi
944 3078 1122 3178 displicer,
1162 3099 1165 3103 ’

58 3192 124 3251 aut
137 3179 162 3251 sr
176 3179 277 3252 aliter
289 3189 406 3252 natus.
456 3172 507 3249 Et
519 3191 619 3250 certe
632 3174 788 3251 Christus
802 3177 929 3253 dilexit
939 3178 1124 3259 bominem

58 3279 162 3351 illum
177 3278 213 3349 in
224 3275 476 3371 immunditiis,
501 3275 539 3349 in
552 3290 660 3350 utero
675 3280 923 3375 coagulatum,
943 3281 1041 3355 ilium
1057 3300 1130 3375 per.

57 3375 228 3474 pudenda
266 3379 477 3471 prolatum,
514 3374 614 3450 illurn
654 3396 719 3473 per
750 3378 903 3453 ludibria
935 3380 1122 3457 nutritum,

56 3477 217 3570 Propter
248 3494 331 3551 eum
355 3473 560 3549 descendit:
594 3490 746 3570 propter
778 3500 860 3553 eurn
892 3478 1121 3572 predicavit:

55 3589 212 3673 propter
232 3596 314 3650 eum
337 3577 437 3649 omui
456 3572 492 3649 se
506 3570 706 3649 bumilitate
722 3577 855 3670 dejecit
875 3604 972 3674 usque
988 3580 1029 3650 ad
1041 3584 1124 3652 mori

59 3686 143 3764 rem,
175 3675 214 3751 ir
238 3694 368 3747 mortem
388 3684 512 3745 nucis.-
545 3675 681 3749 ernavit
705 3679 832 3769 utique
861 3698 967 3769 quem
989 3696 1121 3775 magno
1182 3750 1189 3771 ,

58 3774 220 3850 redemit
269 3776 304 3848 Si
321 3772 479 3849 Christus
499 3789 646 3847 creator
668 3775 744 3867 ejus
769 3775 855 3872 est,
873 3775 971 3850 suurn
989 3781 1122 3853 merito
1186 3774 1191 3787 '

59 3877 211 3948 amavit:
237 3875 321 3948 srab
339 3877 410 3949 aiio
423 3873 509 3949 Deo
525 3872 595 3968 est,
621 3878 731 3972 magis
750 3875 949 3969 adamavit,
976 3877 1137 3969 quando·

17 4062 20 4067 ¹
57 3973 210 4049 alienum
232 3974 395 4049 redemit.
454 3971 605 4048 Atnevit
623 3992 712 4073 ergo
735 3994 817 4049 curn
839 3976 987 4051 bomine
1014 3978 1123 4055 etiarn

52 4075 304 4166 nativitatem,
332 4075 440 4146 etiarn
455 4092 597 4149 curnem
617 4075 706 4167 ejus.
748 4070 980 4151 'Nuriiamari
994 4072 1127 4174 potest*

50 4172 129 4253 sine
143 4193 191 4252 eo
207 4192 275 4271 per
291 4171 391 4268 quod
405 4169 479 4270 eii,
498 4171 545 4249 -id
558 4174 659 4273 qvod
672 4171 735 4251 eit
783 4170 864 4253 Aut
876 4162 977 4251 riser
988 4177 1123 4251 naudi

944 4291 1073 4371 tatem,
1170 4369 1178 4375 ,
