2400 4590
117 550 190 608 ora
232 564 235 589 ι
262 529 313 630 Q.
345 524 477 603 seer.
505 522 644 601 Fron
678 521 1020 600 Taurunum

112 712 216 791 neque
240 676 373 787 Eaiefio
399 690 549 761 Domini.
611 682 695 760 Tali
723 682 876 759 clausula
899 680 1175 763 muedttnde·

114 804 236 865 texta:
260 792 302 862 Si
316 794 391 889 quis
403 810 471 861 nott
485 802 576 861 amnt
595 790 770 859 Dominum
777 786 923 961 gestum,
941 786 988 883 fit
1003 786 1176 863 anathoth

115 890 341 965 Maeoniae
366 888 518 980 aliquem
528 886 654 980 utique
666 906 778 981 percu
803 898 842 960 rt.
892 882 963 957 Sed
974 884 1175 985 illicmagit

113 988 240 1083 stabo,
264 988 328 1062 ubi
345 985 544 1082 Apostolus
562 986 672 1084 magis
685 984 828 1079 fervet,
852 985 916 1057 ubi
928 981 1002 1077 ipse
1018 984 1178 1063 fornica·

105 1072 178 1163 ''tor
195 1088 270 1163 aliia
285 1108 432 1181 quoque
444 1088 631 1185 negotium
645 1086 744 1160 fecit.
794 1088 892 1183 Quasi
906 1085 1041 1182 nmfim
1052 1104 1176 1159 vento

113 1214 171 1261 rur
191 1190 231 1259 nd
249 1213 325 1277 vos,
356 1189 470 1287 inflati
482 1194 563 1275 tirou
585 1188 720 1285 quidam.
786 1190 921 1259 Veniam
939 1206 1043 1257 autem
1058 1192 1174 1279 citius,

104 1288 329 1389 fipermilerit
354 1284 573 1364 Dominus&
598 1288 766 1381 cognoscam
785 1311 852 1357 non
869 1287 1040 1375 sermonem
1064 1311 1175 1361 eorum

109 1394 170 1491 qai
188 1386 299 1487 inflati
311 1387 418 1481 sunt,
440 1386 491 1479 [ed
507 1396 678 1473 virtutem.
729 1388 809 1459 Nou
822 1391 909 1459 enim
930 1392 967 1457 in
974 1389 1176 1489 sermontqb

113 1514 241 1585 regnum
261 1494 346 1576 Dei,
364 1490 420 1579 sed
442 1492 480 1558 in
500 1492 639 1559 virtute.
694 1488 742 1558 Et
763 1488 841 1584 quid
859 1486 965 1557 vultis
983 1492 1110 1559 vertiam
1130 1490 1175 1562 ad

110 1614 198 1678 vos,
229 1594 267 1659 in
290 1593 413 1683 virga,
450 1612 497 1661 an
522 1593 563 1659 in
578 1587 698 1685 spiritu
723 1584 908 1662 lenitatis?
947 1586 1045 1689 Quid
1076 1586 1175 1665 enim

111 1686 280 1763 suberat?
305 1692 448 1763 Arnum
464 1694 502 1759 in
520 1689 612 1762 vobis
632 1696 670 1758 in
691 1704 793 1759 totum
807 1686 1006 1779 fornicatio,
1034 1686 1074 1764 θ
1093 1688 1174 1761 talio

105 1788 305 1883 fornicatio,
335 1790 512 1889 qualitate
535 1788 760 1883 ingentibus,
791 1804 830 1859 ut
850 1812 976 1858 uxorem
992 1791 1098 1886 putris
1115 1788 1174 1879 sui

110 1894 184 1989 quis
204 1889 328 1963 lrabeat.
390 1891 438 1961 Er
456 1914 514 1961 vos
533 1890 644 1989 inflati
658 1888 745 1977 tais,
768 1885 808 1965 ὕ
824 1912 892 1960 non
908 1888 1033 1987 luxistis
1049 1894 1172 1987 potius,

110 2006 151 2061 ut
172 1988 343 2083 auferatur
363 1990 398 2059 de
418 1991 515 2061 medio
536 1991 674 2088 vestrum
694 1994 751 2086 qui
777 1988 842 2058 tale
860 1988 994 2079 facinus
1019 1984 1170 2081 atmifiri

110 2088 184 2163 Pr'o
208 2108 282 2180 quo
301 2088 496 2184 lugerent?
530 2089 656 2181 utique
677 2107 746 2181 pro
763 2096 928 2162 mortun
982 2086 1044 2161 Ad
1063 2108 1171 2180 quem

111 2186 305 2283 lugerent?
337 2186 462 2279 utique
480 2188 523 2260 ad
543 2187 751 2263 Dominum.
811 2187 1012 2286 Quomodo
1033 2186 1169 2261 aufera-

110 2300 171 2360 tur
188 2287 232 2359 de
249 2287 369 2360 rnedio
391 2284 542 2361 eorum?
569 2308 644 2361 non
660 2288 785 2378 utique
796 2304 838 2358 ut
856 2302 958 2360 extra
975 2284 1171 2363 Ecclesiam

110 2386 235 2459 detur:
269 2387 343 2459 hoc
364 2386 458 2459 enim
475 2406 551 2459 non
570 2409 590 2460 a
606 2386 692 2460 Deo
712 2384 951 2481 postularetur
974 2386 1073 2478 quod
1093 2400 1170 2459 erat

109 2486 149 2559 in
164 2484 379 2578 praefidentis
402 2482 541 2559 officio:
567 2485 626 2559 sed
643 2499 684 2558 ut
703 2508 768 2580 per
789 2502 944 2559 mortem
967 2485 1060 2559 hanc
1082 2504 1171 2579 quo-

110 2606 183 2677 que
211 2605 438 2659 communem
466 2584 705 2680 &propriam
731 2587 845 2659 carnis
871 2586 974 2679 ipsius
998 2606 1077 2679 quae
1096 2586 1170 2679 jan

110 2684 282 2780 cadaver,
291 2706 369 2778 qua
386 2688 550 2780 capulum
564 2684 651 2761 esset
666 2685 886 2759 immunditia
902 2685 1170 2779 irrecuperabili

108 2783 313 2877 tabiosum,
346 2787 485 2880 plenius
510 2784 554 2860 de
576 2782 733 2859 Ecclefia
753 2783 903 2858 deberet
921 2784 1061 2859 auferri.
1117 2780 1169 2857 Et

107 2883 214 2975 iden,
241 2883 430 2974 quomodo
450 2885 592 2957 interim
607 2886 729 2977 potuit
746 2882 896 2976 auferri,
919 2884 1096 2977 judicavit
1108 2882 1167 2957 de·

108 2980 265 3055 dendum
281 2982 456 3073 ejusmodi
475 2982 613 3054 Satanae
627 2984 663 3054 in
683 2984 865 3055 interitum
880 2987 1004 3058 carnis.
1055 2982 1170 3056 Male·

108 3078 181 3151 dici
197 3078 290 3151 enim
303 3100 381 3152 earn
395 3078 626 3174 sequebatur,
640 3101 717 3172 quae
733 3082 880 3154 diabolo
896 3082 1168 3178 projiciebatur,

107 3176 159 3251 ut'
184 3175 404 3250 sacramento
433 3176 694 3252 benediibonis
726 3180 1042 3276 exaudioraretur,
1078 3202 1170 3257 nun·

108 3298 215 3373 quarn
235 3278 273 3349 in
296 3276 415 3375 castra¹
427 3275 595 3353 Ecclesia
614 3278 808 3356 reversura.
860 3282 1033 3356 Videmus
1046 3282 1170 3373 itaque

108 3378 184 3452 boc
199 3377 236 3449 in
251 3378 339 3449 loco
354 3375 501 3451 divisam
511 3378 678 3473 Aponon
693 3379 920 3454 severitatem
936 3384 974 3453 in
990 3380 1168 3473 quendam

106 3475 270 3551 inflatum
290 3474 326 3549 a
346 3476 384 3549 in
403 3475 579 3569 quendam
597 3478 787 3554 incestum:
819 3482 856 3553 in
877 3482 1026 3554 alterum
1046 3481 1166 3575 virga,

106 3577 146 3649 in
168 3578 318 3653 alterurn
339 3573 511 3650 sententie
532 3594 714 3652 armatum.
765 3578 899 3679 Virga,
924 3601 994 3672 qua
1009 3578 1169 3683 minabe-

103 3691 185 3751 tur:
210 3673 403 3768 sententia,
431 3696 534 3766 quam
550 3680 806 3770 exequebatur.
855 3680 956 3755 lllam
974 3679 1091 3752 adhue
1105 3698 1171 3751 co·

106 3776 333 3870 micantem,
366 3777 458 3850 hanc
476 3772 592 3850 statim
612 3776 879 3874 fulminantem,
914 3798 984 3873 qua
1007 3780 1171 3873 increpa·

106 3873 205 3986 bat,
225 3896 366 3968 quaque
388 3875 590 3992 damnabat.
642 3876 859 3970 Certumque
884 3879 938 3953 est
959 3878 1092 3951 exinde
1116 3880 1171 3955 in·

105 3973 1168 4172 intumumddfussttittatffeassuditz

104 4168 223 4249 mum
246 4171 309 4245 ille
331 4172 460 4255 timeus
487 4176 627 4276 plagam
650 4177 767 4274 abiit,
798 4176 861 4253 ille
881 4176 986 4258 luent
1011 4196 1168 4348 ocrem

564 4306 567 4311 '
630 4324 639 4339 ¹
1054 4297 1118 4356 Um
