2468 4530
387 546 730 651 Canuruu
1019 594 1088 669 ym

79 738 130 813 Et
145 739 275 812 tabuiae
292 735 452 831 duplices
466 734 675 831 conscripta
695 716 782 833 ldgis
793 734 830 808 in
848 756 942 816 arca,

37 836 239 937 Significant
254 839 353 912 simui
368 840 444 911 haec
459 839 495 911 in
512 836 653 909 Christo
667 839 823 919 ,condita
838 835 986 928 semper,

37 941 104 1040 Qui
121 953 225 1011 vetus
241 955 348 1030 atque
363 958 503 1011 novum
518 938 722 1011 mandatum
737 937 886 1029 pertulit
905 933 990 1027 ipse,
1140 990 1148 1017 ,

37 1040 128 1110 Arca
143 1038 254 1132 patris
272 1036 413 1114 summi,
437 1056 621 1129 perquem
636 1036 735 1109 dedit
754 1037 874 1108 omnia
892 1035 1007 1111 dives.

37 1138 78 1210 Et
92 1142 191 1233 virga
204 1137 362 1227 Styracis
377 1134 511 1209 nudus
530 1137 632 1207 nucis
647 1134 769 1209 attulit
784 1132 880 1227 ipsa'

37 1238 188 1332 Virginis
207 1239 281 1309 haec
296 1234 450 1329 species,
477 1238 599 1331 genuit
614 1256 692 1325 quae
713 1233 877 1329 sanguine
894 1254 1041 1328 corpus,

37 1334 231 1427 Conjundia
244 1336 280 1408 in
295 1336 414 1432 ligno,
445 1333 580 1408 sedabit
603 1336 732 1408 mortis
749 1356 903 1409 amarum

37 1436 183 1507 Interius
204 1432 356 1509 nudum
377 1434 536 1513 dulcem,
562 1431 607 1507 de
624 1433 745 1529 spiritu
759 1432 890 1511 sancto.

37 1534 132 1605 iicut
150 1532 262 1607 Esaias
278 1537 415 1631 virgam
429 1533 474 1607 de
487 1530 619 1607 semine
631 1530 731 1629 Jeffae

37 1632 197 1706 Praedixit
211 1632 382 1711 Mariam,
414 1634 459 1707 de
478 1652 548 1724 qua
564 1630 635 1704 flos
653 1636 729 1704 exit
746 1634 784 1705 in
801 1633 938 1711 orbem.

37 1730 127 1811 Ara,
154 1735 271 1807 nitens
285 1752 395 1815 auro,
422 1734 550 1805 coelum
564 1732 723 1805 declarat
739 1734 773 1803 in
788 1734 877 1810 aito,

37 1836 120 2005 guo
137 1830 259 1905 santia
273 1831 410 1907 subiere
423 1852 571 1929 preces,
595 1832 667 1905 ime
686 1832 834 1905 crimine
851 1831 975 1906 miiiae:

72 1953 137 2003 anc
157 1954 250 2005 aram
266 1933 447 2006 Dominus
466 1930 574 2007 dixit,
600 1951 668 2022 qua
690 1952 836 2003 munera
859 1932 963 2025 siquis

37 2028 174 2110 Offert,
198 2045 239 2103 ut
254 2034 405 2125 primum
421 2050 547 2125 pacem
562 2050 643 2105 cum
659 2029 768 2103 fratre
783 2032 964 2112 retractet,

37 2130 91 2203 Sic
103 2131 243 2205 demum
256 2130 405 2228 flagrare
422 2150 548 2224 precer
565 2130 609 2203 ad
626 2130 738 2204 sidera
751 2129 904 2224 poss'unt.

37 2230 119 2305 Hoc
136 2229 292 2303 Christus
308 2228 428 2304 vidior
441 2228 560 2323 solus,
586 2231 790 2324 primusque
810 2229 990 2329 sacerdos,

37 2329 180 2403 Obtulit
195 2327 374 2405 incensum
388 2330 554 2424 precibus
568 2384 581 2419 ‚
606 2350 683 2403 non
699 2332 829 2402 arbore
842 2344 978 2407 natum.

37 2429 126 2503 biam
147 2428 331 2502 Cherubin
345 2440 430 2504 cum
440 2430 483 2502 srt
500 2429 554 2501 bis
573 2428 666 2501 binis
684 2430 845 2501 vultibus
862 2452 988 2525 unum,

37 2526 94 2603 Est
109 2549 217 2602 uuum
235 2530 408 2619 verbum,
434 2549 500 2623 per
520 2542 691 2618 quattuor
705 2528 833 2599 ordine
848 2528 1005 2627 aunum,

37 2628 91 2703 De
109 2641 209 2721 patre
225 2648 303 2719 quae
319 2624 478 2701 Christus
494 2625 683 2719 pleniffima
702 2629 849 2717 pertulit
866 2625 940 2723 ipse

37 2728 195 2803 Mandaei
209 2726 346 2819 sperata
359 2727 478 2819 novi,
503 2724 628 2799 solatia
645 2727 739 2797 vitae.

37 2826 99 2902 Ast
119 2841 244 2920 quater
265 2830 329 2900 aiae
347 2823 428 2919 sex,
454 2826 591 2897 veteris
608 2825 788 2917 praeconia
807 2823 926 2920 verbi,

37 2924 273 3004 restificantis
291 2947 353 3017 ea,
391 2945 468 3017 quae
487 2921 570 3017 post
585 2946 626 2997 ea
641 2924 737 3005 facta
749 2922 931 3000 docemur.

37 3029 99 3105 His
117 3028 179 3099 alis
194 3028 353 3097 volitant
367 3022 519 3097 coelestia
532 3024 645 3097 verba
659 3044 724 3116 per
736 3025 875 3117 orbem,

37 3129 98 3204 'rlis
119 3128 225 3199 etiam
240 3122 369 3199 Chrzsti
385 3125 521 3221 {anguis
537 3122 724 3197 conteditis
739 3124 904 3220 habetur,
994 3162 997 3167 ·

37 3221 196 3301 Obscure
211 3240 336 3301 vatum
352 3222 509 3321 praesago
525 3222 636 3297 dictus
655 3224 698 3297 ab
715 3245 790 3298 ore.

37 3327 181 3399 hiatum
198 3344 366 3399 numerus
385 3326 530 3417 antiqua
547 3324 730 3398 uolumina
746 3324 872 3420 signat,

37 3420 115 3498 Effe
131 3419 210 3493 satis
224 3440 322 3497 certa
337 3424 467 3520 viginti
480 3436 652 3517 quattuor
665 3420 742 3515 ista,

37 3528 126 3703 311ae
140 3521 287 3594 Domini
304 3527 467 3597 cecinere
482 3528 580 3615 vias,
606 3524 817 3615 &tempora
829 3524 939 3617 pacis.

70 3642 122 3697 aec
136 3624 319 3695 coherere
333 3640 438 3697 novo
456 3644 536 3721 cum
553 3623 688 3698 foedere
703 3622 828 3697 cuncta
845 3625 1027 3699 videmus:

37 3726 92 3799 §ic
108 3740 252 3813 quoque
267 3720 447 3816 Joannes‚
472 3722 519 3797 sic
535 3723 659 3817 pandit
680 3720 818 3817 spiritus
836 3725 887 3796 illi

37 3822 115 3897 sot
129 3840 279 3895 numero
299 3818 390 3894 soiio
412 3820 610 3895 senioribus
628 3820 769 3915 insuper
790 3825 891 3917 albis,

37 3920 157 4012 Atque
175 3922 360 3995 coronatio
376 3922 630 3996 cohibentibus
645 3924 765 3995 omnia
781 3923 897 3999 mitra.

37 4020 93 4093 nd
111 4018 237 4095 solium
256 4020 427 4111 Domini,
454 4022 613 4093 vitreum
627 4022 661 4093 dr
673 4044 792 4113 mare,
818 4021 907 4097 stare
921 4022 982 4098 sub
995 4024 1092 4122 igue⁰

37 4126 220 4222 Quattuor
233 4122 364 4217 aligera
378 4134 488 4212 atque
504 4123 620 4194 ocuiis
639 4122 800 4193 animalia
814 4124 920 4217 plena

37 4221 134 4295 intus
149 4222 326 4317 exterius,
351 4218 526 4315 quoesuut
539 4240 668 4295 arcam
682 4235 824 4317 patere:
944 4315 979 4387 ς
1033 4315 1043 4329 .

86 4344 99 4391 ·
974 4336 1073 4408 ugru-
