2400 4590
115 510 183 584 108
258 504 306 602 Q.
329 499 465 576 Scir.
489 499 629 575 troi.
653 500 1015 577 Taarunnriiiri

105 664 272 737 omniurn
295 660 482 749 affectuum
504 660 663 756 imae,
693 660 851 736 &facile
869 665 995 735 norint
1017 675 1162 737 caeterae

110 760 308 837 &consilio
326 762 359 835 dt
375 759 503 835 solatio
518 762 669 853 juvare,
696 761 783 834 &iit
795 760 1025 835 nihilominus
1042 786 1083 835 ea
1103 765 1165 836 de-

110 862 355 952 cucurrerint,
379 880 539 954 perque
557 860 700 935 soemina
722 860 865 955 probari
880 861 1010 956 potest.
1054 859 1164 937 Adeo

108 960 197 1037 nihil
209 960 338 1055 virgini
353 958 396 1035 ad
412 961 589 1034 honorem
605 960 649 1034 de
668 961 755 1033 loco
774 958 971 1053 permissum
988 960 1049 1034 eil„

189 1082 245 1136 io.
268 1058 328 1132 Sic
340 1080 410 1133 nec
425 1060 470 1133 dc
485 1060 657 1151 aliquibus
672 1060 875 1153 insignibus.
925 1058 1100 1134 Ceterum
1115 1060 1167 1133 sa-

109 1162 163 1235 tia·
175 1160 427 1251 inhumanum,
461 1158 653 1233 sisoeminae
674 1160 816 1251 quidem
839 1180 904 1253 per
928 1162 1046 1231 omnia
1073 1162 1164 1233 viris

108 1257 255 1337 subditae
267 1310 290 1350 ,·
315 1260 565 1353 honorigeram
587 1271 712 1349 notam
730 1259 941 1351 virginitatis
959 1257 1024 1331 suae
1037 1259 1165 1352 praese-

107 1372 212 1450 rant,
245 1378 316 1451 qua
328 1355 555 1439 suspiciantur
570 1356 942 1450 &circumspiciantur
957 1360 992 1430 dt
1006 1357 1164 1455 magnifi-

108 1470 236 1531 centur
251 1479 271 1530 a
285 1456 469 1559 fratribus:
493 1458 713 1549 viriautem,
740 1469 800 1529 tot
812 1457 990 1551 virgines,
1016 1470 1076 1529 tot
1089 1455 1167 1551 spa.

107 1556 223 1631 donea
240 1557 456 1647 voluntarii,
483 1577 581 1629 caeco
597 1558 699 1629 bono
715 1555 777 1629 suo
791 1555 979 1648 incedant,
1003 1557 1089 1630 nihil
1104 1580 1166 1653 ge·

105 1654 269 1747 stanter,
300 1654 399 1747 quod
422 1654 569 1749 &ipsos
586 1656 722 1731 faceret
742 1654 903 1730 illustres.
962 1654 1168 1731 Debebunt

106 1756 215 1829 etiam
230 1754 265 1827 u
282 1755 344 1851 ipsi
360 1755 476 1849 aliqua
492 1756 555 1831 sibi
573 1755 718 1853 insignia
740 1753 957 1844 defendere,
994 1767 1056 1828 aut
1075 1777 1165 1849 pen·

106 1876 171 1931 naa
196 1854 473 1947 Gnrarnantum,
508 1869 569 1928 aut
592 1852 779 1928 scrobulos
803 1854 1066 1946 Barbarorum,
1099 1870 1166 1931 aut

106 1952 256 2029 cicadas
275 1952 561 2045 Atheniensium,
589 1969 651 2028 aut
664 1954 787 2027 Cirros
798 1952 1081 2046 Germanorum,
1100 1968 1168 2031 aut

105 2052 266 2150 stigmata
279 2052 483 2131 Britoniim:
509 2067 571 2128 aut
587 2076 632 2127 ex
647 2051 789 2127 diverso
809 2050 893 2146 fiat,
918 2055 1035 2146 capite
1048 2054 1166 2137 velati

104 2154 145 2229 in
162 2151 307 2227 ecclesia
320 2155 464 2230 lateant.
501 2154 601 2227 Certi
617 2153 732 2229 sumus
749 2152 906 2245 spiritum
922 2152 1073 2227 sandium
1091 2176 1166 2228 ma·

105 2252 159 2349 gis
176 2252 335 2325 masculis
353 2256 424 2327 tale
440 2254 569 2347 aliquid
585 2252 800 2329 subscribere
815 2252 989 2346 potuisse,
1016 2251 1167 2327 sisoemi-

105 2350 163 2425 nia
194 2349 461 2444 subscripsisset:
504 2375 585 2427 cum
615 2368 744 2447 praeter
776 2352 880 2426 seinis
913 2352 1166 2447 autoritatem,

106 2448 213 2525 ctiam
231 2450 333 2542 ipsius
354 2454 585 2528 continentiae
601 2452 748 2527 nomine
764 2451 938 2526 masculos
956 2452 1077 2545 potitis
1098 2454 1166 2526 bo·

106 2549 228 2625 norati
245 2550 469 2646 oportuisset.
506 2556 671 2651 Quorum
690 2565 824 2645 quanto
841 2553 945 2626 sexus
960 2552 1114 2643 avidior,
1129 2552 1168 2627 dt

107 2648 257 2723 calidior
280 2652 317 2724 iri
340 2650 508 2743 seminas,
536 2666 641 2727 tanto
658 2652 881 2727 continentia
898 2652 1043 2741 maioris
1058 2652 1167 2725 ardo·

105 2749 178 2840 ris,
201 2750 418 2846 laboratior,
444 2754 600 2846 ideoque
622 2753 762 2849 dignior
778 2753 876 2827 omni
901 2750 1165 2828 ostentatione:

105 2846 131 2923 fi
146 2845 340 2924 ostentatio
356 2854 567 2948 virginitatis
584 2852 635 2926 est
649 2854 810 2943 dignitas.
861 2850 951 2923 Nori
965 2850 1058 2921 enim
1076 2870 1166 2923 con-

104 2947 256 3021 tinentia
271 2952 483 3045 virginitatis
500 2951 660 3043 antistat,
685 2951 760 3024 sive
775 2949 985 3039 viduarum,
1010 2948 1086 3021 sive
1102 2952 1165 3041 qui

105 3066 152 3121 cx
175 3046 347 3122 consensu
366 3052 620 3124 contumeliam
639 3070 866 3123 communem
884 3051 957 3142 jam
979 3046 1165 3123 recusave-

53 3204 56 3209 .
105 3160 201 3220 nint.
263 3148 359 3223 Nam
383 3150 566 3243 virginitas
596 3150 709 3246 gratia
738 3147 902 3222 constat:
938 3150 1165 3223 continentia

105 3264 201 3319 uero
220 3246 365 3323 virtute.
416 3248 504 3321 Non
519 3246 814 3343 concupiscendi,
837 3248 894 3320 cui
908 3246 1164 3339 concupiscen-

107 3342 158 3419 do
173 3344 389 3437 inoleveris,
402 3349 534 3444 grande
548 3364 728 3424 certamen
741 3347 807 3422 est:
829 3350 929 3440 cujus
943 3362 1062 3420 autem
1075 3368 1165 3421 coii-

106 3441 307 3534 cupiscendi
333 3448 556 3543 ignoraveris
577 3448 760 3539 frudtitni,
798 3448 904 3521 facile
925 3469 1001 3519 non
1029 3468 1165 3520 concu-

104 3540 247 3637 pisces;
283 3546 519 3622 adversarium
540 3570 616 3623 non
642 3549 804 3639 habens,
838 3545 1164 3638 concupiscentiam

103 3638 252 3722 mutis.
302 3648 503 3745 Quomodo
521 3668 608 3744 ergo
621 3668 699 3720 non
715 3647 826 3743 magis
846 3648 932 3718 viris
947 3647 1078 3735 aliquid
1092 3648 1165 3721 tale

103 3736 207 3813 Deus
226 3746 455 3821 inhonorem
472 3744 736 3840 subscripsisset,
762 3747 822 3821 vel
834 3746 916 3837 quia
929 3745 1168 3839 familiariori,

102 3835 239 3918 scilicet
259 3847 402 3942 imagini
424 3843 511 3940 suae,
538 3848 600 3919 vel
619 3846 700 3937 quia
722 3846 801 3938 plus
820 3843 1025 3919 laboranti?
1051 3844 1088 3917 Si
1105 3867 1164 3917 au·

101 3946 177 4015 teni
194 3946 280 4017 nibil
293 3944 474 4035 masculo,
499 3947 615 4019 multo
631 3945 740 4041 magis
755 3944 906 4023 femine.

184 4061 239 4118 11.
266 4042 336 4120 Sed
357 4046 455 4139 quod
471 4044 571 4148 supra
590 4043 858 4138 intermisimus,
877 4056 1036 4137 exparte
1051 4039 1166 4149 subsef

103 4156 197 4227 cute
214 4142 485 4251 disputationis,
516 4166 564 4231 ne
587 4144 841 4229 cohaerentiam
856 4145 934 4251 eiiii
952 4143 1166 4238 dispergere·

1018 4261 1113 4343 niis,
