<?xml version="1.0" encoding="UTF-8"?>
<!DOCTYPE html PUBLIC "-//W3C//DTD XHTML 1.0 Transitional//EN"
    "http://www.w3.org/TR/xhtml1/DTD/xhtml1-transitional.dtd">
<html xmlns="http://www.w3.org/1999/xhtml" xml:lang="en" lang="en">
 <head>
  <title>
</title>
<meta http-equiv="Content-Type" content="text/html;charset=utf-8" />
  <meta name='ocr-system' content='tesseract 3.04.00' />
  <meta name='ocr-capabilities' content='ocr_page ocr_carea ocr_par ocr_line ocrx_word'/>
</head>
<body>
  <div class='ocr_page' id='page_1' title='image "./operaomniasanct03librgoog_0549.png"; bbox 0 0 2400 4590; ppageno 0'>
   <div class='ocr_carea' id='block_1_1' title="bbox 103 454 1022 577">
    <p class='ocr_par' dir='ltr' id='par_1_1' title="bbox 103 454 1022 577">
     <span class='ocr_line' id='line_1_1' title="bbox 103 454 1022 577; baseline -0.012 -21"><span class='ocrx_word' id='word_1_1' title='bbox 103 484 175 573; x_wconf 79' lang='lat'>528</span> <span class='ocrx_word' id='word_1_2' title='bbox 248 478 297 577; x_wconf 85' lang='lat' dir='ltr'>Q.</span> <span class='ocrx_word' id='word_1_3' title='bbox 323 454 1022 549; x_wconf 69' lang='lat' dir='ltr'>serr.&#39;raor.rmumma1</span> 
     </span>
    </p>
   </div>
   <div class='ocr_carea' id='block_1_2' title="bbox 17 632 1174 4245">
    <p class='ocr_par' dir='ltr' id='par_1_2' title="bbox 17 632 1174 1029">
     <span class='ocr_line' id='line_1_2' title="bbox 102 632 1172 728; baseline -0.004 -15"><span class='ocrx_word' id='word_1_4' title='bbox 102 638 342 715; x_wconf 82' lang='lat' dir='ltr'>recidivatum</span> <span class='ocrx_word' id='word_1_5' title='bbox 357 636 480 709; x_wconf 78' lang='lat' dir='ltr'>anima</span> <span class='ocrx_word' id='word_1_6' title='bbox 501 634 730 727; x_wconf 83' lang='lat' dir='ltr'>corporalem</span> <span class='ocrx_word' id='word_1_7' title='bbox 743 632 1172 728; x_wconf 72' lang='lat' dir='ltr'>pronunciaverunt,to</span> 
     </span>
     <span class='ocr_line' id='line_1_3' title="bbox 17 729 1172 829; baseline -0.008 -13"><span class='ocrx_word' id='word_1_8' title='bbox 17 794 20 801; x_wconf 87' lang='lat'>-</span> <span class='ocrx_word' id='word_1_9' title='bbox 103 738 286 815; x_wconf 83' lang='lat' dir='ltr'>lerabilius</span> <span class='ocrx_word' id='word_1_10' title='bbox 302 748 459 827; x_wconf 72' lang='lat' dir='ltr'>moute,</span> <span class='ocrx_word' id='word_1_11' title='bbox 484 753 589 825; x_wconf 90' lang='lat' dir='ltr'>quam</span> <span class='ocrx_word' id='word_1_12' title='bbox 605 750 736 829; x_wconf 86' lang='lat' dir='ltr'>negata</span> <span class='ocrx_word' id='word_1_13' title='bbox 753 731 940 826; x_wconf 77' lang='lat' dir='ltr'>qualitate:</span> <span class='ocrx_word' id='word_1_14' title='bbox 966 729 1111 825; x_wconf 88' lang='lat' dir='ltr'>pulsata</span> <span class='ocrx_word' id='word_1_15' title='bbox 1128 732 1172 807; x_wconf 88' lang='lat' dir='ltr'>sa·</span> 
     </span>
     <span class='ocr_line' id='line_1_4' title="bbox 102 829 1174 930; baseline -0.006 -17"><span class='ocrx_word' id='word_1_16' title='bbox 102 841 206 930; x_wconf 91' lang='lat' dir='ltr'>lute,</span> <span class='ocrx_word' id='word_1_17' title='bbox 230 836 319 911; x_wconf 90' lang='lat' dir='ltr'>licet</span> <span class='ocrx_word' id='word_1_18' title='bbox 343 855 420 908; x_wconf 93' lang='lat' dir='ltr'>non</span> <span class='ocrx_word' id='word_1_19' title='bbox 444 833 563 907; x_wconf 88' lang='lat' dir='ltr'>addita</span> <span class='ocrx_word' id='word_1_20' title='bbox 585 836 753 907; x_wconf 90' lang='lat' dir='ltr'>veritate.</span> <span class='ocrx_word' id='word_1_21' title='bbox 802 832 858 905; x_wconf 93' lang='lat' dir='ltr'>lta</span> <span class='ocrx_word' id='word_1_22' title='bbox 881 830 1042 907; x_wconf 89' lang='lat' dir='ltr'>seculum</span> <span class='ocrx_word' id='word_1_23' title='bbox 1065 829 1174 907; x_wconf 84' lang='lat' dir='ltr'>resur·</span> 
     </span>
     <span class='ocr_line' id='line_1_5' title="bbox 50 932 1091 1029; baseline -0.001 -18"><span class='ocrx_word' id='word_1_24' title='bbox 50 966 54 975; x_wconf 96' lang='lat'>·</span> <span class='ocrx_word' id='word_1_25' title='bbox 103 938 303 1013; x_wconf 77' lang='lat' dir='ltr'>restionem</span> <span class='ocrx_word' id='word_1_26' title='bbox 318 950 570 1025; x_wconf 88' lang='lat' dir='ltr'>mortuorum,</span> <span class='ocrx_word' id='word_1_27' title='bbox 598 954 765 1005; x_wconf 81' lang='lat' dir='ltr'>naccum</span> <span class='ocrx_word' id='word_1_28' title='bbox 786 945 903 1025; x_wconf 90' lang='lat' dir='ltr'>errat,</span> <span class='ocrx_word' id='word_1_29' title='bbox 929 932 1091 1029; x_wconf 80' lang='lat' dir='ltr'>ignorat.</span> 
     </span>
    </p>

    <p class='ocr_par' dir='ltr' id='par_1_3' title="bbox 98 1028 1173 3323">
     <span class='ocr_line' id='line_1_6' title="bbox 183 1028 1173 1127; baseline 0.001 -19"><span class='ocrx_word' id='word_1_30' title='bbox 183 1060 216 1111; x_wconf 85' lang='lat'>2.</span> <span class='ocrx_word' id='word_1_31' title='bbox 241 1035 278 1107; x_wconf 87' lang='lat' dir='ltr'>Si</span> <span class='ocrx_word' id='word_1_32' title='bbox 303 1054 395 1107; x_wconf 89' lang='lat' dir='ltr'>vero</span> <span class='ocrx_word' id='word_1_33' title='bbox 416 1033 450 1105; x_wconf 71' lang='lat' dir='ltr'>da</span> <span class='ocrx_word' id='word_1_34' title='bbox 470 1032 562 1126; x_wconf 89' lang='lat' dir='ltr'>apud</span> <span class='ocrx_word' id='word_1_35' title='bbox 581 1032 702 1105; x_wconf 89' lang='lat' dir='ltr'>Deum</span> <span class='ocrx_word' id='word_1_36' title='bbox 725 1034 841 1123; x_wconf 90' lang='lat' dir='ltr'>aliqua</span> <span class='ocrx_word' id='word_1_37' title='bbox 860 1030 951 1104; x_wconf 76' lang='lat' dir='ltr'>sosia</span> <span class='ocrx_word' id='word_1_38' title='bbox 972 1030 1026 1105; x_wconf 90' lang='lat' dir='ltr'>est</span> <span class='ocrx_word' id='word_1_39' title='bbox 1042 1028 1173 1127; x_wconf 88' lang='lat' dir='ltr'>Epicu·</span> 
     </span>
     <span class='ocr_line' id='line_1_7' title="bbox 103 1130 1173 1231; baseline 0.002 -24"><span class='ocrx_word' id='word_1_40' title='bbox 103 1139 176 1210; x_wconf 90' lang='lat' dir='ltr'>reis</span> <span class='ocrx_word' id='word_1_41' title='bbox 196 1136 308 1231; x_wconf 84' lang='lat' dir='ltr'>magis</span> <span class='ocrx_word' id='word_1_42' title='bbox 325 1130 450 1206; x_wconf 87' lang='lat' dir='ltr'>adfinis</span> <span class='ocrx_word' id='word_1_43' title='bbox 470 1154 574 1225; x_wconf 91' lang='lat' dir='ltr'>quam</span> <span class='ocrx_word' id='word_1_44' title='bbox 592 1133 804 1227; x_wconf 89' lang='lat' dir='ltr'>prophetis,</span> <span class='ocrx_word' id='word_1_45' title='bbox 838 1131 986 1205; x_wconf 85' lang='lat' dir='ltr'>sciemus</span> <span class='ocrx_word' id='word_1_46' title='bbox 1008 1132 1101 1225; x_wconf 90' lang='lat' dir='ltr'>quid</span> <span class='ocrx_word' id='word_1_47' title='bbox 1118 1156 1173 1209; x_wconf 88' lang='lat' dir='ltr'>au·</span> 
     </span>
     <span class='ocr_line' id='line_1_8' title="bbox 105 1230 1172 1309; baseline 0 0"><span class='ocrx_word' id='word_1_48' title='bbox 105 1234 206 1309; x_wconf 89' lang='lat' dir='ltr'>diant</span> <span class='ocrx_word' id='word_1_49' title='bbox 228 1256 248 1306; x_wconf 89' lang='lat' dir='ltr'>a</span> <span class='ocrx_word' id='word_1_50' title='bbox 269 1231 410 1306; x_wconf 88' lang='lat' dir='ltr'>Christo</span> <span class='ocrx_word' id='word_1_51' title='bbox 432 1232 626 1306; x_wconf 77' lang='lat' dir='ltr'>Sadducaei.</span> <span class='ocrx_word' id='word_1_52' title='bbox 680 1230 820 1303; x_wconf 92' lang='lat' dir='ltr'>Christo</span> <span class='ocrx_word' id='word_1_53' title='bbox 844 1234 937 1309; x_wconf 86' lang='lat' dir='ltr'>enirn</span> <span class='ocrx_word' id='word_1_54' title='bbox 962 1230 1172 1309; x_wconf 88' lang='lat' dir='ltr'>servabatur</span> 
     </span>
     <span class='ocr_line' id='line_1_9' title="bbox 106 1331 1173 1427; baseline 0 -20"><span class='ocrx_word' id='word_1_55' title='bbox 106 1334 349 1409; x_wconf 77' lang='lat' dir='ltr'>omnia-retro</span> <span class='ocrx_word' id='word_1_56' title='bbox 365 1334 511 1404; x_wconf 91' lang='lat' dir='ltr'>occulta</span> <span class='ocrx_word' id='word_1_57' title='bbox 523 1331 682 1422; x_wconf 88' lang='lat' dir='ltr'>nudare,</span> <span class='ocrx_word' id='word_1_58' title='bbox 710 1331 871 1404; x_wconf 86' lang='lat' dir='ltr'>dubitata</span> <span class='ocrx_word' id='word_1_59' title='bbox 889 1331 1067 1426; x_wconf 81' lang='lat' dir='ltr'>dirigere,</span> <span class='ocrx_word' id='word_1_60' title='bbox 1089 1352 1173 1427; x_wconf 82' lang='lat' dir='ltr'>pre·</span> 
     </span>
     <span class='ocr_line' id='line_1_10' title="bbox 104 1428 1173 1525; baseline 0.002 -18"><span class='ocrx_word' id='word_1_61' title='bbox 104 1434 218 1507; x_wconf 89' lang='lat' dir='ltr'>libata</span> <span class='ocrx_word' id='word_1_62' title='bbox 232 1429 416 1525; x_wconf 86' lang='lat' dir='ltr'>supplere,</span> <span class='ocrx_word' id='word_1_63' title='bbox 438 1429 629 1524; x_wconf 77' lang='lat' dir='ltr'>predicata</span> <span class='ocrx_word' id='word_1_64' title='bbox 642 1428 913 1523; x_wconf 80' lang='lat' dir='ltr'>repraesentare:</span> <span class='ocrx_word' id='word_1_65' title='bbox 939 1446 1173 1509; x_wconf 86' lang='lat' dir='ltr'>mortuorum</span> 
     </span>
     <span class='ocr_line' id='line_1_11' title="bbox 106 1529 1173 1627; baseline 0.002 -22"><span class='ocrx_word' id='word_1_66' title='bbox 106 1546 208 1606; x_wconf 86' lang='lat' dir='ltr'>certe</span> <span class='ocrx_word' id='word_1_67' title='bbox 223 1529 536 1623; x_wconf 74' lang='lat' dir='ltr'>rctbrresiionem,</span> <span class='ocrx_word' id='word_1_68' title='bbox 553 1552 630 1604; x_wconf 92' lang='lat' dir='ltr'>non</span> <span class='ocrx_word' id='word_1_69' title='bbox 642 1531 755 1603; x_wconf 92' lang='lat' dir='ltr'>modo</span> <span class='ocrx_word' id='word_1_70' title='bbox 768 1550 833 1624; x_wconf 91' lang='lat' dir='ltr'>per</span> <span class='ocrx_word' id='word_1_71' title='bbox 850 1530 1098 1627; x_wconf 89' lang='lat' dir='ltr'>semetipsum,</span> <span class='ocrx_word' id='word_1_72' title='bbox 1115 1554 1173 1607; x_wconf 89' lang='lat' dir='ltr'>ve·</span> 
     </span>
     <span class='ocr_line' id='line_1_12' title="bbox 106 1627 1171 1729; baseline 0.003 -24"><span class='ocrx_word' id='word_1_73' title='bbox 106 1654 185 1706; x_wconf 91' lang='lat' dir='ltr'>rum</span> <span class='ocrx_word' id='word_1_74' title='bbox 200 1632 319 1729; x_wconf 16' lang='lat' dir='ltr'>uetiam</span> <span class='ocrx_word' id='word_1_75' title='bbox 341 1630 384 1703; x_wconf 90' lang='lat' dir='ltr'>in</span> <span class='ocrx_word' id='word_1_76' title='bbox 404 1627 591 1723; x_wconf 90' lang='lat' dir='ltr'>semetipso</span> <span class='ocrx_word' id='word_1_77' title='bbox 616 1631 782 1723; x_wconf 87' lang='lat' dir='ltr'>probare.</span> <span class='ocrx_word' id='word_1_78' title='bbox 843 1628 954 1702; x_wconf 93' lang='lat' dir='ltr'>Nunc</span> <span class='ocrx_word' id='word_1_79' title='bbox 981 1644 1108 1707; x_wconf 88' lang='lat' dir='ltr'>autem</span> <span class='ocrx_word' id='word_1_80' title='bbox 1132 1632 1171 1707; x_wconf 87' lang='lat' dir='ltr'>ad</span> 
     </span>
     <span class='ocr_line' id='line_1_13' title="bbox 108 1728 1169 1825; baseline 0.004 -21"><span class='ocrx_word' id='word_1_81' title='bbox 108 1732 197 1805; x_wconf 88' lang='lat' dir='ltr'>alios</span> <span class='ocrx_word' id='word_1_82' title='bbox 211 1730 424 1803; x_wconf 87' lang='lat' dir='ltr'>Sadducaeos</span> <span class='ocrx_word' id='word_1_83' title='bbox 440 1750 699 1825; x_wconf 82' lang='lat' dir='ltr'>praeparamur,</span> <span class='ocrx_word' id='word_1_84' title='bbox 724 1728 912 1825; x_wconf 85' lang='lat' dir='ltr'>partiarios</span> <span class='ocrx_word' id='word_1_85' title='bbox 933 1728 1169 1807; x_wconf 82' lang='lat' dir='ltr'>sententiaeil·</span> 
     </span>
     <span class='ocr_line' id='line_1_14' title="bbox 106 1824 1169 1928; baseline 0.002 -23"><span class='ocrx_word' id='word_1_86' title='bbox 106 1832 238 1905; x_wconf 91' lang='lat' dir='ltr'>lorum.</span> <span class='ocrx_word' id='word_1_87' title='bbox 287 1828 343 1901; x_wconf 90' lang='lat' dir='ltr'>lta</span> <span class='ocrx_word' id='word_1_88' title='bbox 361 1829 540 1903; x_wconf 88' lang='lat' dir='ltr'>dimidiam</span> <span class='ocrx_word' id='word_1_89' title='bbox 558 1824 757 1925; x_wconf 85' lang='lat' dir='ltr'>agnoscunt</span> <span class='ocrx_word' id='word_1_90' title='bbox 775 1828 1096 1928; x_wconf 77' lang='lat' dir='ltr'>resurresiionem,</span> <span class='ocrx_word' id='word_1_91' title='bbox 1114 1832 1169 1907; x_wconf 91' lang='lat' dir='ltr'>so·</span> 
     </span>
     <span class='ocr_line' id='line_1_15' title="bbox 98 1920 1169 2026; baseline 0.005 -22"><span class='ocrx_word' id='word_1_92' title='bbox 98 1920 176 2005; x_wconf 65' lang='lat' dir='ltr'>&#39;lius</span> <span class='ocrx_word' id='word_1_93' title='bbox 194 1930 328 2003; x_wconf 88' lang='lat' dir='ltr'>scilicet</span> <span class='ocrx_word' id='word_1_94' title='bbox 345 1930 489 2023; x_wconf 84' lang='lat' dir='ltr'>animae,</span> <span class='ocrx_word' id='word_1_95' title='bbox 522 1926 693 2022; x_wconf 88' lang='lat' dir='ltr'>aspernati</span> <span class='ocrx_word' id='word_1_96' title='bbox 713 1949 876 2023; x_wconf 91' lang='lat' dir='ltr'>carnem,</span> <span class='ocrx_word' id='word_1_97' title='bbox 901 1929 992 2002; x_wconf 89' lang='lat' dir='ltr'>srcut</span> <span class='ocrx_word' id='word_1_98' title='bbox 1011 1929 1048 2004; x_wconf 83' lang='lat' dir='ltr'>dr</span> <span class='ocrx_word' id='word_1_99' title='bbox 1061 1928 1169 2026; x_wconf 86' lang='lat' dir='ltr'>ipsum</span> 
     </span>
     <span class='ocr_line' id='line_1_16' title="bbox 107 2026 1168 2127; baseline 0.001 -24"><span class='ocrx_word' id='word_1_100' title='bbox 107 2030 292 2103; x_wconf 90' lang='lat' dir='ltr'>dominum</span> <span class='ocrx_word' id='word_1_101' title='bbox 317 2030 442 2104; x_wconf 90' lang='lat' dir='ltr'>carnis.</span> <span class='ocrx_word' id='word_1_102' title='bbox 492 2027 594 2100; x_wconf 88' lang='lat' dir='ltr'>Nulli</span> <span class='ocrx_word' id='word_1_103' title='bbox 614 2030 766 2121; x_wconf 85' lang='lat' dir='ltr'>denique</span> <span class='ocrx_word' id='word_1_104' title='bbox 788 2029 844 2100; x_wconf 89' lang='lat' dir='ltr'>alii</span> <span class='ocrx_word' id='word_1_105' title='bbox 869 2026 1017 2105; x_wconf 89' lang='lat' dir='ltr'>salutem</span> <span class='ocrx_word' id='word_1_106' title='bbox 1040 2052 1168 2127; x_wconf 91' lang='lat' dir='ltr'>corpo-</span> 
     </span>
     <span class='ocr_line' id='line_1_17' title="bbox 105 2126 1166 2222; baseline 0.004 -21"><span class='ocrx_word' id='word_1_107' title='bbox 105 2129 222 2222; x_wconf 88' lang='lat' dir='ltr'>porali</span> <span class='ocrx_word' id='word_1_108' title='bbox 241 2126 438 2203; x_wconf 83' lang='lat' dir='ltr'>substantiae</span> <span class='ocrx_word' id='word_1_109' title='bbox 460 2128 650 2218; x_wconf 85' lang='lat' dir='ltr'>invident,</span> <span class='ocrx_word' id='word_1_110' title='bbox 681 2132 786 2219; x_wconf 91' lang='lat' dir='ltr'>quam</span> <span class='ocrx_word' id='word_1_111' title='bbox 805 2128 950 2201; x_wconf 86' lang='lat' dir='ltr'>alterius</span> <span class='ocrx_word' id='word_1_112' title='bbox 969 2130 1166 2205; x_wconf 74' lang='lat' dir='ltr'>divinitatis</span> 
     </span>
     <span class='ocr_line' id='line_1_18' title="bbox 106 2225 1168 2325; baseline 0.004 -24"><span class='ocrx_word' id='word_1_113' title='bbox 106 2228 276 2301; x_wconf 83' lang='lat' dir='ltr'>haeretici.</span> <span class='ocrx_word' id='word_1_114' title='bbox 310 2226 470 2316; x_wconf 76' lang='lat' dir='ltr'>Ideoque</span> <span class='ocrx_word' id='word_1_115' title='bbox 485 2225 705 2299; x_wconf 87' lang='lat' dir='ltr'>&amp;Christum</span> <span class='ocrx_word' id='word_1_116' title='bbox 719 2228 822 2299; x_wconf 88' lang='lat' dir='ltr'>aliter</span> <span class='ocrx_word' id='word_1_117' title='bbox 838 2228 1030 2321; x_wconf 88' lang='lat' dir='ltr'>disponere</span> <span class='ocrx_word' id='word_1_118' title='bbox 1043 2230 1168 2325; x_wconf 72' lang='lat' dir='ltr'>coedi,</span> 
     </span>
     <span class='ocr_line' id='line_1_19' title="bbox 106 2326 1167 2425; baseline 0.003 -25"><span class='ocrx_word' id='word_1_119' title='bbox 106 2348 154 2400; x_wconf 91' lang='lat' dir='ltr'>ne</span> <span class='ocrx_word' id='word_1_120' title='bbox 176 2340 320 2399; x_wconf 90' lang='lat' dir='ltr'>creator</span> <span class='ocrx_word' id='word_1_121' title='bbox 338 2327 451 2397; x_wconf 84' lang='lat' dir='ltr'>carnis</span> <span class='ocrx_word' id='word_1_122' title='bbox 472 2326 667 2416; x_wconf 83' lang='lat' dir='ltr'>habeatur,</span> <span class='ocrx_word' id='word_1_123' title='bbox 693 2329 731 2400; x_wconf 90' lang='lat' dir='ltr'>in</span> <span class='ocrx_word' id='word_1_124' title='bbox 751 2326 823 2421; x_wconf 90' lang='lat' dir='ltr'>ipsa</span> <span class='ocrx_word' id='word_1_125' title='bbox 843 2330 941 2420; x_wconf 85' lang='lat' dir='ltr'>prius</span> <span class='ocrx_word' id='word_1_126' title='bbox 963 2350 1074 2403; x_wconf 92' lang='lat' dir='ltr'>carne</span> <span class='ocrx_word' id='word_1_127' title='bbox 1098 2334 1167 2425; x_wconf 85' lang='lat' dir='ltr'>ejus</span> 
     </span>
     <span class='ocr_line' id='line_1_20' title="bbox 106 2426 1167 2515; baseline 0.006 -16"><span class='ocrx_word' id='word_1_128' title='bbox 106 2438 348 2515; x_wconf 89' lang='lat' dir='ltr'>erraverunt,</span> <span class='ocrx_word' id='word_1_129' title='bbox 383 2440 444 2497; x_wconf 91' lang='lat' dir='ltr'>aut</span> <span class='ocrx_word' id='word_1_130' title='bbox 468 2426 597 2498; x_wconf 88' lang='lat' dir='ltr'>nullius</span> <span class='ocrx_word' id='word_1_131' title='bbox 622 2428 785 2499; x_wconf 88' lang='lat' dir='ltr'>veritatis</span> <span class='ocrx_word' id='word_1_132' title='bbox 810 2428 1078 2503; x_wconf 88' lang='lat' dir='ltr'>contendentes</span> <span class='ocrx_word' id='word_1_133' title='bbox 1099 2452 1167 2505; x_wconf 86' lang='lat' dir='ltr'>ean</span> 
     </span>
     <span class='ocr_line' id='line_1_21' title="bbox 105 2525 1166 2625; baseline 0.004 -25"><span class='ocrx_word' id='word_1_134' title='bbox 105 2526 299 2600; x_wconf 89' lang='lat' dir='ltr'>secundum</span> <span class='ocrx_word' id='word_1_135' title='bbox 316 2525 562 2619; x_wconf 79' lang='lat' dir='ltr'>Marcionem,</span> <span class='ocrx_word' id='word_1_136' title='bbox 580 2525 828 2621; x_wconf 64' lang='lat' dir='ltr'>&amp;basilidem</span> <span class='ocrx_word' id='word_1_137' title='bbox 846 2540 908 2600; x_wconf 89' lang='lat' dir='ltr'>aut</span> <span class='ocrx_word' id='word_1_138' title='bbox 917 2535 1077 2621; x_wconf 78' lang='lat' dir='ltr'>propria</span> <span class='ocrx_word' id='word_1_139' title='bbox 1094 2553 1166 2625; x_wconf 90' lang='lat' dir='ltr'>qua·</span> 
     </span>
     <span class='ocr_line' id='line_1_22' title="bbox 106 2623 1167 2721; baseline 0.005 -22"><span class='ocrx_word' id='word_1_140' title='bbox 106 2629 240 2720; x_wconf 90' lang='lat' dir='ltr'>litatis,</span> <span class='ocrx_word' id='word_1_141' title='bbox 259 2623 452 2699; x_wconf 90' lang='lat' dir='ltr'>secundum</span> <span class='ocrx_word' id='word_1_142' title='bbox 468 2625 614 2698; x_wconf 81' lang='lat' dir='ltr'>hereses</span> <span class='ocrx_word' id='word_1_143' title='bbox 626 2627 833 2717; x_wconf 89' lang='lat' dir='ltr'>Valentini,</span> <span class='ocrx_word' id='word_1_144' title='bbox 854 2630 888 2699; x_wconf 79' lang='lat' dir='ltr'>dt</span> <span class='ocrx_word' id='word_1_145' title='bbox 904 2627 1073 2721; x_wconf 85' lang='lat' dir='ltr'>Apellen.</span> <span class='ocrx_word' id='word_1_146' title='bbox 1107 2630 1167 2703; x_wconf 82' lang='lat' dir='ltr'>At·</span> 
     </span>
     <span class='ocr_line' id='line_1_23' title="bbox 106 2725 1167 2819; baseline 0.004 -20"><span class='ocrx_word' id='word_1_147' title='bbox 106 2748 179 2819; x_wconf 84' lang='lat' dir='ltr'>que</span> <span class='ocrx_word' id='word_1_148' title='bbox 204 2729 254 2798; x_wconf 90' lang='lat' dir='ltr'>ita</span> <span class='ocrx_word' id='word_1_149' title='bbox 278 2726 458 2817; x_wconf 87' lang='lat' dir='ltr'>sequitur,</span> <span class='ocrx_word' id='word_1_150' title='bbox 494 2739 535 2797; x_wconf 92' lang='lat' dir='ltr'>ut</span> <span class='ocrx_word' id='word_1_151' title='bbox 559 2725 704 2799; x_wconf 87' lang='lat' dir='ltr'>salutem</span> <span class='ocrx_word' id='word_1_152' title='bbox 729 2729 804 2819; x_wconf 89' lang='lat' dir='ltr'>ejus</span> <span class='ocrx_word' id='word_1_153' title='bbox 830 2726 1030 2803; x_wconf 69' lang='lat' dir='ltr'>substantiae</span> <span class='ocrx_word' id='word_1_154' title='bbox 1053 2734 1167 2805; x_wconf 80' lang='lat' dir='ltr'>exclu·</span> 
     </span>
     <span class='ocr_line' id='line_1_24' title="bbox 106 2824 1167 2922; baseline 0.007 -25"><span class='ocrx_word' id='word_1_155' title='bbox 106 2828 215 2916; x_wconf 88' lang='lat' dir='ltr'>dant,</span> <span class='ocrx_word' id='word_1_156' title='bbox 244 2828 343 2917; x_wconf 90' lang='lat' dir='ltr'>cujus</span> <span class='ocrx_word' id='word_1_157' title='bbox 366 2824 541 2897; x_wconf 86' lang='lat' dir='ltr'>Christum</span> <span class='ocrx_word' id='word_1_158' title='bbox 563 2825 770 2901; x_wconf 89' lang='lat' dir='ltr'>consortem</span> <span class='ocrx_word' id='word_1_159' title='bbox 786 2841 937 2922; x_wconf 85' lang='lat' dir='ltr'>negant,</span> <span class='ocrx_word' id='word_1_160' title='bbox 965 2831 1058 2902; x_wconf 88' lang='lat' dir='ltr'>certi</span> <span class='ocrx_word' id='word_1_161' title='bbox 1079 2833 1167 2904; x_wconf 89' lang='lat' dir='ltr'>illam</span> 
     </span>
     <span class='ocr_line' id='line_1_25' title="bbox 105 2924 1168 3023; baseline 0.004 -24"><span class='ocrx_word' id='word_1_162' title='bbox 105 2924 243 2999; x_wconf 88' lang='lat' dir='ltr'>summo</span> <span class='ocrx_word' id='word_1_163' title='bbox 258 2925 464 3017; x_wconf 73' lang='lat' dir='ltr'>prejudicio</span> <span class='ocrx_word' id='word_1_164' title='bbox 481 2924 747 2998; x_wconf 75' lang='lat' dir='ltr'>resurreslionis</span> <span class='ocrx_word' id='word_1_165' title='bbox 764 2927 983 3021; x_wconf 70' lang='lat' dir='ltr'>instruclam,</span> <span class='ocrx_word' id='word_1_166' title='bbox 1009 2930 1168 3023; x_wconf 79' lang='lat' dir='ltr'>sajamin</span> 
     </span>
     <span class='ocr_line' id='line_1_26' title="bbox 105 3023 1167 3118; baseline 0.003 -21"><span class='ocrx_word' id='word_1_167' title='bbox 105 3023 249 3097; x_wconf 88' lang='lat' dir='ltr'>Christo</span> <span class='ocrx_word' id='word_1_168' title='bbox 275 3023 508 3096; x_wconf 84' lang='lat' dir='ltr'>resurrexerit</span> <span class='ocrx_word' id='word_1_169' title='bbox 535 3045 631 3098; x_wconf 88' lang='lat' dir='ltr'>caro.</span> <span class='ocrx_word' id='word_1_170' title='bbox 694 3025 893 3118; x_wconf 89' lang='lat' dir='ltr'>Propterea</span> <span class='ocrx_word' id='word_1_171' title='bbox 919 3028 1045 3101; x_wconf 87' lang='lat' dir='ltr'>&amp;nos</span> <span class='ocrx_word' id='word_1_172' title='bbox 1066 3034 1167 3103; x_wconf 86' lang='lat' dir='ltr'>volu·</span> 
     </span>
     <span class='ocr_line' id='line_1_27' title="bbox 104 3123 1168 3220; baseline 0.001 -20"><span class='ocrx_word' id='word_1_173' title='bbox 104 3145 189 3200; x_wconf 88' lang='lat' dir='ltr'>men</span> <span class='ocrx_word' id='word_1_174' title='bbox 212 3123 436 3220; x_wconf 77' lang='lat' dir='ltr'>praemisimus</span> <span class='ocrx_word' id='word_1_175' title='bbox 457 3124 502 3196; x_wconf 90' lang='lat' dir='ltr'>de</span> <span class='ocrx_word' id='word_1_176' title='bbox 525 3144 632 3197; x_wconf 92' lang='lat' dir='ltr'>carne</span> <span class='ocrx_word' id='word_1_177' title='bbox 656 3123 808 3220; x_wconf 87' lang='lat' dir='ltr'>Christi,</span> <span class='ocrx_word' id='word_1_178' title='bbox 843 3148 916 3219; x_wconf 90' lang='lat' dir='ltr'>quo</span> <span class='ocrx_word' id='word_1_179' title='bbox 939 3151 1016 3201; x_wconf 89' lang='lat' dir='ltr'>eam</span> <span class='ocrx_word' id='word_1_180' title='bbox 1040 3128 1076 3201; x_wconf 79' lang='lat' dir='ltr'>da</span> <span class='ocrx_word' id='word_1_181' title='bbox 1094 3128 1168 3203; x_wconf 92' lang='lat' dir='ltr'>soli·</span> 
     </span>
     <span class='ocr_line' id='line_1_28' title="bbox 106 3222 1165 3323; baseline 0.007 -27"><span class='ocrx_word' id='word_1_182' title='bbox 106 3224 187 3297; x_wconf 89' lang='lat' dir='ltr'>dam</span> <span class='ocrx_word' id='word_1_183' title='bbox 207 3224 429 3317; x_wconf 77' lang='lat' dir='ltr'>probamus,</span> <span class='ocrx_word' id='word_1_184' title='bbox 466 3222 652 3298; x_wconf 88' lang='lat' dir='ltr'>adversum</span> <span class='ocrx_word' id='word_1_185' title='bbox 679 3223 928 3318; x_wconf 86' lang='lat' dir='ltr'>phantasmatis</span> <span class='ocrx_word' id='word_1_186' title='bbox 955 3230 1165 3323; x_wconf 87' lang='lat' dir='ltr'>vanitatem,</span> 
     </span>
    </p>

    <p class='ocr_par' dir='ltr' id='par_1_4' title="bbox 21 3323 1172 4245">
     <span class='ocr_line' id='line_1_29' title="bbox 60 3323 1167 3421; baseline 0.004 -24"><span class='ocrx_word' id='word_1_187' title='bbox 60 3378 63 3383; x_wconf 86' lang='lat'>-</span> <span class='ocrx_word' id='word_1_188' title='bbox 107 3324 143 3397; x_wconf 73' lang='grc' dir='ltr'>ἀ</span> <span class='ocrx_word' id='word_1_189' title='bbox 158 3326 344 3399; x_wconf 88' lang='lat' dir='ltr'>humanam</span> <span class='ocrx_word' id='word_1_190' title='bbox 358 3323 579 3397; x_wconf 89' lang='lat' dir='ltr'>vindicamus</span> <span class='ocrx_word' id='word_1_191' title='bbox 593 3325 760 3398; x_wconf 85' lang='lat' dir='ltr'>adversus</span> <span class='ocrx_word' id='word_1_192' title='bbox 778 3327 955 3418; x_wconf 89' lang='lat' dir='ltr'>qualitatis</span> <span class='ocrx_word' id='word_1_193' title='bbox 971 3330 1167 3421; x_wconf 87' lang='lat' dir='ltr'>proprieta-</span> 
     </span>
     <span class='ocr_line' id='line_1_30' title="bbox 21 3418 1168 3518; baseline 0.006 -22"><span class='ocrx_word' id='word_1_194' title='bbox 21 3427 24 3436; x_wconf 89' lang='lat'>&#39;</span> <span class='ocrx_word' id='word_1_195' title='bbox 105 3438 202 3518; x_wconf 89' lang='lat' dir='ltr'>tem,</span> <span class='ocrx_word' id='word_1_196' title='bbox 239 3425 338 3517; x_wconf 88' lang='lat' dir='ltr'>cujus</span> <span class='ocrx_word' id='word_1_197' title='bbox 364 3422 528 3494; x_wconf 85' lang='lat' dir='ltr'>conditio</span> <span class='ocrx_word' id='word_1_198' title='bbox 547 3421 722 3498; x_wconf 88' lang='lat' dir='ltr'>Christum</span> <span class='ocrx_word' id='word_1_199' title='bbox 743 3425 777 3498; x_wconf 79' lang='lat' dir='ltr'>dr</span> <span class='ocrx_word' id='word_1_200' title='bbox 798 3428 978 3499; x_wconf 92' lang='lat' dir='ltr'>hominem</span> <span class='ocrx_word' id='word_1_201' title='bbox 1002 3429 1037 3501; x_wconf 71' lang='grc' dir='ltr'><strong>ἃ</strong></span> <span class='ocrx_word' id='word_1_202' title='bbox 1060 3418 1168 3503; x_wconf 75' lang='lat' dir='ltr'>filiuni</span> 
     </span>
     <span class='ocr_line' id='line_1_31' title="bbox 105 3521 1168 3621; baseline 0.003 -22"><span class='ocrx_word' id='word_1_203' title='bbox 105 3525 262 3599; x_wconf 89' lang='lat' dir='ltr'>hominis</span> <span class='ocrx_word' id='word_1_204' title='bbox 289 3521 513 3615; x_wconf 89' lang='lat' dir='ltr'>inscripserit.</span> <span class='ocrx_word' id='word_1_205' title='bbox 575 3523 752 3599; x_wconf 88' lang='lat' dir='ltr'>Carneum</span> <span class='ocrx_word' id='word_1_206' title='bbox 779 3527 873 3600; x_wconf 91' lang='lat' dir='ltr'>enim</span> <span class='ocrx_word' id='word_1_207' title='bbox 901 3543 1009 3618; x_wconf 88' lang='lat' dir='ltr'>atque</span> <span class='ocrx_word' id='word_1_208' title='bbox 1038 3548 1168 3621; x_wconf 91' lang='lat' dir='ltr'>corpo·</span> 
     </span>
     <span class='ocr_line' id='line_1_32' title="bbox 105 3625 1168 3723; baseline 0.006 -27"><span class='ocrx_word' id='word_1_209' title='bbox 105 3644 207 3698; x_wconf 88' lang='lat' dir='ltr'>reum</span> <span class='ocrx_word' id='word_1_210' title='bbox 231 3625 425 3720; x_wconf 89' lang='lat' dir='ltr'>probantes</span> <span class='ocrx_word' id='word_1_211' title='bbox 447 3644 551 3717; x_wconf 88' lang='lat' dir='ltr'>curn,</span> <span class='ocrx_word' id='word_1_212' title='bbox 582 3625 787 3719; x_wconf 84' lang='lat' dir='ltr'>proinde&amp;</span> <span class='ocrx_word' id='word_1_213' title='bbox 808 3625 1048 3722; x_wconf 90' lang='lat' dir='ltr'>obducimus,</span> <span class='ocrx_word' id='word_1_214' title='bbox 1086 3648 1168 3723; x_wconf 81' lang='lat' dir='ltr'>prae·</span> 
     </span>
     <span class='ocr_line' id='line_1_33' title="bbox 106 3724 1168 3823; baseline 0.004 -24"><span class='ocrx_word' id='word_1_215' title='bbox 106 3724 295 3799; x_wconf 91' lang='lat' dir='ltr'>scribendo</span> <span class='ocrx_word' id='word_1_216' title='bbox 322 3727 457 3798; x_wconf 91' lang='lat' dir='ltr'>nullum</span> <span class='ocrx_word' id='word_1_217' title='bbox 483 3725 589 3799; x_wconf 89' lang='lat' dir='ltr'>alium</span> <span class='ocrx_word' id='word_1_218' title='bbox 613 3726 829 3799; x_wconf 89' lang='lat' dir='ltr'>credendum</span> <span class='ocrx_word' id='word_1_219' title='bbox 854 3726 1000 3819; x_wconf 90' lang='lat' dir='ltr'>Deum,</span> <span class='ocrx_word' id='word_1_220' title='bbox 1040 3742 1168 3823; x_wconf 84' lang='lat' dir='ltr'>praeter</span> 
     </span>
     <span class='ocr_line' id='line_1_34' title="bbox 106 3824 1167 3923; baseline 0.003 -25"><span class='ocrx_word' id='word_1_221' title='bbox 106 3841 330 3917; x_wconf 89' lang='lat' dir='ltr'>creatorem,</span> <span class='ocrx_word' id='word_1_222' title='bbox 358 3825 447 3915; x_wconf 85' lang='lat' dir='ltr'>dum,</span> <span class='ocrx_word' id='word_1_223' title='bbox 456 3826 564 3898; x_wconf 89' lang='lat' dir='ltr'>talem</span> <span class='ocrx_word' id='word_1_224' title='bbox 578 3825 794 3899; x_wconf 89' lang='lat' dir='ltr'>ostendimus</span> <span class='ocrx_word' id='word_1_225' title='bbox 814 3824 1012 3920; x_wconf 86' lang='lat' dir='ltr'>Christum,</span> <span class='ocrx_word' id='word_1_226' title='bbox 1039 3828 1078 3903; x_wconf 92' lang='lat' dir='ltr'>in</span> <span class='ocrx_word' id='word_1_227' title='bbox 1098 3849 1167 3923; x_wconf 92' lang='lat' dir='ltr'>quo</span> 
     </span>
     <span class='ocr_line' id='line_1_35' title="bbox 86 3924 1169 4020; baseline 0.005 -21"><span class='ocrx_word' id='word_1_228' title='bbox 86 3924 302 3999; x_wconf 87' lang='lat' dir='ltr'>&#39;dinoscitur</span> <span class='ocrx_word' id='word_1_229' title='bbox 319 3928 439 4019; x_wconf 87' lang='lat' dir='ltr'>Deus,</span> <span class='ocrx_word' id='word_1_230' title='bbox 467 3925 814 4020; x_wconf 80' lang='lat' dir='ltr'>qualis-promittitur</span> <span class='ocrx_word' id='word_1_231' title='bbox 830 3942 1040 4011; x_wconf 88' lang='lat' dir='ltr'>acreatore.</span> <span class='ocrx_word' id='word_1_232' title='bbox 1098 3929 1169 4004; x_wconf 74' lang='lat' dir='ltr'>ob</span> 
     </span>
     <span class='ocr_line' id='line_1_36' title="bbox 104 4024 1167 4120; baseline -0.003 -16"><span class='ocrx_word' id='word_1_233' title='bbox 104 4025 201 4104; x_wconf 68' lang='lat' dir='ltr'>ducti</span> <span class='ocrx_word' id='word_1_234' title='bbox 221 4028 351 4100; x_wconf 85' lang='lat' dir='ltr'>dehinc</span> <span class='ocrx_word' id='word_1_235' title='bbox 374 4028 418 4099; x_wconf 90' lang='lat' dir='ltr'>de</span> <span class='ocrx_word' id='word_1_236' title='bbox 435 4027 539 4120; x_wconf 88' lang='lat' dir='ltr'>De0,</span> <span class='ocrx_word' id='word_1_237' title='bbox 574 4026 688 4098; x_wconf 88' lang='lat' dir='ltr'>carnis</span> <span class='ocrx_word' id='word_1_238' title='bbox 710 4024 873 4117; x_wconf 74' lang='lat' dir='ltr'>audiere,</span> <span class='ocrx_word' id='word_1_239' title='bbox 902 4026 935 4098; x_wconf 81' lang='lat' dir='ltr'>dt</span> <span class='ocrx_word' id='word_1_240' title='bbox 959 4028 1004 4100; x_wconf 86' lang='lat' dir='ltr'>de</span> <span class='ocrx_word' id='word_1_241' title='bbox 1026 4028 1167 4105; x_wconf 85' lang='lat' dir='ltr'>Christo¹</span> 
     </span>
     <span class='ocr_line' id='line_1_37' title="bbox 104 4123 1172 4245; baseline 0 -42"><span class='ocrx_word' id='word_1_242' title='bbox 104 4127 223 4222; x_wconf 74' lang='lat' dir='ltr'>cuuis</span> <span class='ocrx_word' id='word_1_243' title='bbox 237 4128 488 4231; x_wconf 87' lang='lat' dir='ltr'>redemptore,</span> <span class='ocrx_word' id='word_1_244' title='bbox 510 4129 583 4223; x_wconf 84' lang='lat' dir='ltr'>jam</span> <span class='ocrx_word' id='word_1_245' title='bbox 598 4125 633 4204; x_wconf 76' lang='grc' dir='ltr'>δι</span> <span class='ocrx_word' id='word_1_246' title='bbox 646 4126 692 4204; x_wconf 88' lang='lat' dir='ltr'>de</span> <span class='ocrx_word' id='word_1_247' title='bbox 705 4123 965 4217; x_wconf 59' lang='lat' dir='ltr'>resurreetione</span> <span class='ocrx_word' id='word_1_248' title='bbox 982 4129 1104 4245; x_wconf 79' lang='lat' dir='ltr'>carnis</span> <span class='ocrx_word' id='word_1_249' title='bbox 1122 4148 1172 4203; x_wconf 82' lang='lat' dir='ltr'>re·</span> 
     </span>
    </p>
   </div>
   <div class='ocr_carea' id='block_1_3' title="bbox 1040 4250 1125 4309">
    <p class='ocr_par' dir='ltr' id='par_1_5' title="bbox 1040 4250 1125 4309">
     <span class='ocr_line' id='line_1_38' title="bbox 1040 4250 1125 4309; baseline -0.012 -20"><span class='ocrx_word' id='word_1_250' title='bbox 1040 4250 1125 4309; x_wconf 77' lang='lat' dir='ltr'>vm.</span> 
     </span>
    </p>
   </div>
   <div class='ocr_carea' id='block_1_4' title="bbox 0 0 1204 4590">
    <p class='ocr_par' dir='ltr' id='par_1_6' title="bbox 0 0 1204 4590">
     <span class='ocr_line' id='line_1_39' title="bbox 0 0 1204 4590; baseline 0 0"><span class='ocrx_word' id='word_1_251' title='bbox 0 0 1204 4590; x_wconf 95' lang='lat' dir='ltr'> </span> 
     </span>
    </p>
   </div>
  </div>
 </body>
</html>
