<?xml version="1.0" encoding="UTF-8"?>
<!DOCTYPE html PUBLIC "-//W3C//DTD XHTML 1.0 Transitional//EN"
    "http://www.w3.org/TR/xhtml1/DTD/xhtml1-transitional.dtd">
<html xmlns="http://www.w3.org/1999/xhtml" xml:lang="en" lang="en">
 <head>
  <title>
</title>
<meta http-equiv="Content-Type" content="text/html;charset=utf-8" />
  <meta name='ocr-system' content='tesseract 3.04.00' />
  <meta name='ocr-capabilities' content='ocr_page ocr_carea ocr_par ocr_line ocrx_word'/>
</head>
<body>
  <div class='ocr_page' id='page_1' title='image "./operaomniasanct03librgoog_0321.png"; bbox 0 0 2400 4590; ppageno 0'>
   <div class='ocr_carea' id='block_1_1' title="bbox 96 504 1019 621">
    <p class='ocr_par' dir='ltr' id='par_1_1' title="bbox 96 504 1019 621">
     <span class='ocr_line' id='line_1_1' title="bbox 96 504 1019 621; baseline -0.009 -27"><span class='ocrx_word' id='word_1_1' title='bbox 96 516 174 621; x_wconf 73' lang='lat' dir='ltr'>apt</span> <span class='ocrx_word' id='word_1_2' title='bbox 247 504 1019 613; x_wconf 77' lang='lat' dir='ltr'>Q.Srer.Ftor.Traaun1.1aur</span> 
     </span>
    </p>
   </div>
   <div class='ocr_carea' id='block_1_2' title="bbox 92 664 1195 3753">
    <p class='ocr_par' dir='ltr' id='par_1_2' title="bbox 94 664 1195 2260">
     <span class='ocr_line' id='line_1_2' title="bbox 105 664 1161 767; baseline -0.004 -22"><span class='ocrx_word' id='word_1_3' title='bbox 105 664 409 747; x_wconf 77' lang='lat' dir='ltr'>etiamdententia</span> <span class='ocrx_word' id='word_1_4' title='bbox 431 667 696 767; x_wconf 85' lang='lat' dir='ltr'>Hermogenis,</span> <span class='ocrx_word' id='word_1_5' title='bbox 731 690 836 763; x_wconf 89' lang='lat' dir='ltr'>quam</span> <span class='ocrx_word' id='word_1_6' title='bbox 861 689 911 761; x_wconf 90' lang='lat' dir='ltr'>op</span> <span class='ocrx_word' id='word_1_7' title='bbox 938 667 1047 759; x_wconf 90' lang='lat' dir='ltr'>onit,</span> <span class='ocrx_word' id='word_1_8' title='bbox 1081 685 1161 749; x_wconf 84' lang='lat' dir='ltr'>curn</span> 
     </span>
     <span class='ocr_line' id='line_1_3' title="bbox 94 692 1161 865; baseline -0.002 -18"><span class='ocrx_word' id='word_1_9' title='bbox 94 762 226 855; x_wconf 76' lang='lat' dir='ltr'>Deum</span> <span class='ocrx_word' id='word_1_10' title='bbox 243 779 352 863; x_wconf 82' lang='lat' dir='ltr'>negat</span> <span class='ocrx_word' id='word_1_11' title='bbox 367 790 415 841; x_wconf 85' lang='lat' dir='ltr'>ert</span> <span class='ocrx_word' id='word_1_12' title='bbox 432 764 619 865; x_wconf 87' lang='lat' dir='ltr'>semetipso</span> <span class='ocrx_word' id='word_1_13' title='bbox 642 768 774 845; x_wconf 87' lang='lat' dir='ltr'>facere·</span> <span class='ocrx_word' id='word_1_14' title='bbox 785 692 956 861; x_wconf 43' lang='lat' dir='ltr'>potentie:</span> <span class='ocrx_word' id='word_1_15' title='bbox 982 767 1064 858; x_wconf 88' lang='lat' dir='ltr'>quia</span> <span class='ocrx_word' id='word_1_16' title='bbox 1085 787 1161 845; x_wconf 85' lang='lat' dir='ltr'>nou</span> 
     </span>
     <span class='ocr_line' id='line_1_4' title="bbox 95 864 1161 967; baseline -0.003 -24"><span class='ocrx_word' id='word_1_17' title='bbox 95 864 310 967; x_wconf 60' lang='lat' dir='ltr'>{moeretur</span> <span class='ocrx_word' id='word_1_18' title='bbox 326 866 427 961; x_wconf 87' lang='lat' dir='ltr'>quod</span> <span class='ocrx_word' id='word_1_19' title='bbox 441 866 484 949; x_wconf 87' lang='lat' dir='ltr'>iit</span> <span class='ocrx_word' id='word_1_20' title='bbox 497 885 688 957; x_wconf 82' lang='lat' dir='ltr'>eternum,</span> <span class='ocrx_word' id='word_1_21' title='bbox 704 868 902 949; x_wconf 81' lang='lat' dir='ltr'>amiffurum</span> <span class='ocrx_word' id='word_1_22' title='bbox 914 866 1049 941; x_wconf 81' lang='lat' dir='ltr'>scilicet</span> <span class='ocrx_word' id='word_1_23' title='bbox 1063 866 1161 959; x_wconf 90' lang='lat' dir='ltr'>quod</span> 
     </span>
     <span class='ocr_line' id='line_1_5' title="bbox 103 962 1161 1060; baseline -0.002 -17"><span class='ocrx_word' id='word_1_24' title='bbox 103 966 247 1060; x_wconf 81' lang='lat' dir='ltr'>fuerat,</span> <span class='ocrx_word' id='word_1_25' title='bbox 281 967 366 1041; x_wconf 89' lang='lat' dir='ltr'>durn</span> <span class='ocrx_word' id='word_1_26' title='bbox 384 962 427 1041; x_wconf 89' lang='lat' dir='ltr'>fit</span> <span class='ocrx_word' id='word_1_27' title='bbox 449 990 495 1042; x_wconf 81' lang='lat' dir='ltr'>ex</span> <span class='ocrx_word' id='word_1_28' title='bbox 516 969 760 1047; x_wconf 84' lang='lat' dir='ltr'>demutatione</span> <span class='ocrx_word' id='word_1_29' title='bbox 783 966 881 1059; x_wconf 89' lang='lat' dir='ltr'>quod</span> <span class='ocrx_word' id='word_1_30' title='bbox 899 988 975 1041; x_wconf 92' lang='lat' dir='ltr'>non</span> <span class='ocrx_word' id='word_1_31' title='bbox 999 979 1103 1059; x_wconf 86' lang='lat' dir='ltr'>erat,</span> <span class='ocrx_word' id='word_1_32' title='bbox 1136 964 1161 1041; x_wconf 89' lang='lat' dir='ltr'>st</span> 
     </span>
     <span class='ocr_line' id='line_1_6' title="bbox 103 1064 1163 1153; baseline 0.002 -14"><span class='ocrx_word' id='word_1_33' title='bbox 103 1088 183 1147; x_wconf 88' lang='lat' dir='ltr'>non</span> <span class='ocrx_word' id='word_1_34' title='bbox 202 1064 290 1145; x_wconf 76' lang='lat' dir='ltr'>esset</span> <span class='ocrx_word' id='word_1_35' title='bbox 312 1080 495 1153; x_wconf 80' lang='lat' dir='ltr'>arternum,</span> <span class='ocrx_word' id='word_1_36' title='bbox 545 1068 743 1142; x_wconf 90' lang='lat' dir='ltr'>Dominum</span> <span class='ocrx_word' id='word_1_37' title='bbox 765 1089 856 1140; x_wconf 88' lang='lat' dir='ltr'>vero</span> <span class='ocrx_word' id='word_1_38' title='bbox 877 1082 1047 1141; x_wconf 80' lang='lat' dir='ltr'>aeternum</span> <span class='ocrx_word' id='word_1_39' title='bbox 1069 1066 1163 1141; x_wconf 86' lang='lat' dir='ltr'>aliud</span> 
     </span>
     <span class='ocr_line' id='line_1_7' title="bbox 105 1163 1161 1263; baseline -0.004 -20"><span class='ocrx_word' id='word_1_40' title='bbox 105 1164 175 1243; x_wconf 83' lang='lat' dir='ltr'>effe</span> <span class='ocrx_word' id='word_1_41' title='bbox 191 1187 269 1243; x_wconf 92' lang='lat' dir='ltr'>non</span> <span class='ocrx_word' id='word_1_42' title='bbox 284 1163 407 1261; x_wconf 74' lang='lat' dir='ltr'>posse,</span> <span class='ocrx_word' id='word_1_43' title='bbox 440 1189 546 1259; x_wconf 86' lang='lat' dir='ltr'>quarn</span> <span class='ocrx_word' id='word_1_44' title='bbox 567 1167 665 1260; x_wconf 90' lang='lat' dir='ltr'>quod</span> <span class='ocrx_word' id='word_1_45' title='bbox 684 1167 734 1241; x_wconf 89' lang='lat' dir='ltr'>est</span> <span class='ocrx_word' id='word_1_46' title='bbox 750 1168 896 1261; x_wconf 83' lang='lat' dir='ltr'>sempen</span> <span class='ocrx_word' id='word_1_47' title='bbox 947 1166 1026 1239; x_wconf 89' lang='lat' dir='ltr'>Hac</span> <span class='ocrx_word' id='word_1_48' title='bbox 1042 1164 1082 1239; x_wconf 79' lang='lat' dir='ltr'>du</span> <span class='ocrx_word' id='word_1_49' title='bbox 1094 1186 1161 1263; x_wconf 83' lang='lat' dir='ltr'>ego</span> 
     </span>
     <span class='ocr_line' id='line_1_8' title="bbox 104 1262 1163 1363; baseline -0.006 -18"><span class='ocrx_word' id='word_1_50' title='bbox 104 1262 319 1345; x_wconf 85' lang='lat' dir='ltr'>definitione</span> <span class='ocrx_word' id='word_1_51' title='bbox 332 1267 462 1345; x_wconf 86' lang='lat' dir='ltr'>merito</span> <span class='ocrx_word' id='word_1_52' title='bbox 476 1268 574 1347; x_wconf 90' lang='lat' dir='ltr'>illum</span> <span class='ocrx_word' id='word_1_53' title='bbox 586 1268 846 1363; x_wconf 68' lang='lat' dir='ltr'>repercutiam</span> <span class='ocrx_word' id='word_1_54' title='bbox 865 1267 1047 1341; x_wconf 81' lang='lat' dir='ltr'>materiam</span> <span class='ocrx_word' id='word_1_55' title='bbox 1064 1287 1163 1359; x_wconf 82' lang='lat' dir='ltr'>aeque</span> 
     </span>
     <span class='ocr_line' id='line_1_9' title="bbox 103 1365 1162 1462; baseline -0.006 -17"><span class='ocrx_word' id='word_1_56' title='bbox 103 1365 360 1460; x_wconf 72' lang='lat' dir='ltr'><strong>reprehendo,</strong></span> <span class='ocrx_word' id='word_1_57' title='bbox 395 1387 476 1441; x_wconf 89' lang='lat' dir='ltr'>curn</span> <span class='ocrx_word' id='word_1_58' title='bbox 495 1391 540 1440; x_wconf 86' lang='lat' dir='ltr'>ex</span> <span class='ocrx_word' id='word_1_59' title='bbox 560 1368 620 1440; x_wconf 89' lang='lat' dir='ltr'>illa</span> <span class='ocrx_word' id='word_1_60' title='bbox 637 1369 728 1447; x_wconf 87' lang='lat' dir='ltr'>mala</span> <span class='ocrx_word' id='word_1_61' title='bbox 741 1368 900 1462; x_wconf 84' lang='lat' dir='ltr'>peffima,</span> <span class='ocrx_word' id='word_1_62' title='bbox 927 1366 1033 1447; x_wconf 87' lang='lat' dir='ltr'>etiam</span> <span class='ocrx_word' id='word_1_63' title='bbox 1051 1366 1162 1457; x_wconf 81' lang='lat' dir='ltr'>bona,</span> 
     </span>
     <span class='ocr_line' id='line_1_10' title="bbox 105 1462 1195 1565; baseline -0.002 -26"><span class='ocrx_word' id='word_1_64' title='bbox 105 1479 213 1559; x_wconf 79' lang='lat' dir='ltr'>atque</span> <span class='ocrx_word' id='word_1_65' title='bbox 226 1467 363 1565; x_wconf 78' lang='lat' dir='ltr'>optima</span> <span class='ocrx_word' id='word_1_66' title='bbox 378 1465 496 1543; x_wconf 62' lang='lat' dir='ltr'>&amp;Deo</span> <span class='ocrx_word' id='word_1_67' title='bbox 512 1465 623 1543; x_wconf 66' lang='lat' dir='ltr'>fiunti</span> <span class='ocrx_word' id='word_1_68' title='bbox 651 1468 689 1543; x_wconf 69' lang='lat' dir='ltr'><em>U</em></span> <span class='ocrx_word' id='word_1_69' title='bbox 707 1471 794 1539; x_wconf 70' lang='lat' dir='ltr'>vidit</span> <span class='ocrx_word' id='word_1_70' title='bbox 811 1472 900 1539; x_wconf 82' lang='lat' dir='ltr'>Deus</span> <span class='ocrx_word' id='word_1_71' title='bbox 913 1474 991 1563; x_wconf 84' lang='lat' dir='ltr'>quia</span> <span class='ocrx_word' id='word_1_72' title='bbox 1007 1462 1164 1559; x_wconf 49' lang='lat' dir='ltr'>donasti</span> <span class='ocrx_word' id='word_1_73' title='bbox 1191 1522 1195 1529; x_wconf 90' lang='lat'>.</span> 
     </span>
     <span class='ocr_line' id='line_1_11' title="bbox 103 1564 1165 1667; baseline 0.002 -28"><span class='ocrx_word' id='word_1_74' title='bbox 103 1564 265 1645; x_wconf 68' lang='lat' dir='ltr'>benedixit</span> <span class='ocrx_word' id='word_1_75' title='bbox 278 1592 313 1637; x_wconf 81' lang='lat' dir='ltr'>ea</span> <span class='ocrx_word' id='word_1_76' title='bbox 325 1570 434 1662; x_wconf 81' lang='lat' dir='ltr'>Deus,</span> <span class='ocrx_word' id='word_1_77' title='bbox 450 1568 575 1660; x_wconf 85' lang='lat' dir='ltr'>utique</span> <span class='ocrx_word' id='word_1_78' title='bbox 587 1567 681 1660; x_wconf 83' lang='lat' dir='ltr'>quast</span> <span class='ocrx_word' id='word_1_79' title='bbox 693 1567 851 1667; x_wconf 90' lang='lat' dir='ltr'>optima,</span> <span class='ocrx_word' id='word_1_80' title='bbox 865 1588 941 1639; x_wconf 92' lang='lat' dir='ltr'>non</span> <span class='ocrx_word' id='word_1_81' title='bbox 956 1578 1056 1639; x_wconf 89' lang='lat' dir='ltr'>certe</span> <span class='ocrx_word' id='word_1_82' title='bbox 1071 1564 1165 1659; x_wconf 80' lang='lat' dir='ltr'>quan</span> 
     </span>
     <span class='ocr_line' id='line_1_12' title="bbox 103 1666 1164 1765; baseline 0.002 -26"><span class='ocrx_word' id='word_1_83' title='bbox 103 1666 195 1747; x_wconf 83' lang='lat' dir='ltr'>mala</span> <span class='ocrx_word' id='word_1_84' title='bbox 212 1686 254 1745; x_wconf 83' lang='lat' dir='ltr'>ac</span> <span class='ocrx_word' id='word_1_85' title='bbox 271 1666 421 1765; x_wconf 79' lang='lat' dir='ltr'>peffirna</span> <span class='ocrx_word' id='word_1_86' title='bbox 472 1666 767 1747; x_wconf 82' lang='lat' dir='ltr'>Demutationem</span> <span class='ocrx_word' id='word_1_87' title='bbox 783 1669 890 1763; x_wconf 85' lang='lat' dir='ltr'>igitur</span> <span class='ocrx_word' id='word_1_88' title='bbox 905 1666 1042 1739; x_wconf 86' lang='lat' dir='ltr'>admisrt</span> <span class='ocrx_word' id='word_1_89' title='bbox 1054 1680 1164 1741; x_wconf 86' lang='lat' dir='ltr'>mate-</span> 
     </span>
     <span class='ocr_line' id='line_1_13' title="bbox 102 1763 1166 1859; baseline -0.006 -12"><span class='ocrx_word' id='word_1_90' title='bbox 102 1765 178 1858; x_wconf 77' lang='lat' dir='ltr'>ria,</span> <span class='ocrx_word' id='word_1_91' title='bbox 199 1763 271 1841; x_wconf 84' lang='lat' dir='ltr'>&amp;fr</span> <span class='ocrx_word' id='word_1_92' title='bbox 287 1766 338 1843; x_wconf 89' lang='lat' dir='ltr'>ita</span> <span class='ocrx_word' id='word_1_93' title='bbox 352 1764 421 1859; x_wconf 89' lang='lat' dir='ltr'>est,</span> <span class='ocrx_word' id='word_1_94' title='bbox 440 1765 568 1845; x_wconf 85' lang='lat' dir='ltr'>statum</span> <span class='ocrx_word' id='word_1_95' title='bbox 582 1767 789 1845; x_wconf 68' lang='lat' dir='ltr'>aeternitatis</span> <span class='ocrx_word' id='word_1_96' title='bbox 803 1766 931 1845; x_wconf 82' lang='lat' dir='ltr'>amitit:</span> <span class='ocrx_word' id='word_1_97' title='bbox 957 1764 1166 1841; x_wconf 82' lang='lat' dir='ltr'>mortuaest</span> 
     </span>
     <span class='ocr_line' id='line_1_14' title="bbox 102 1864 1165 1962; baseline -0.004 -15"><span class='ocrx_word' id='word_1_98' title='bbox 102 1864 258 1961; x_wconf 82' lang='lat' dir='ltr'>denique</span> <span class='ocrx_word' id='word_1_99' title='bbox 279 1864 338 1943; x_wconf 85' lang='lat' dir='ltr'>sua</span> <span class='ocrx_word' id='word_1_100' title='bbox 357 1864 495 1962; x_wconf 85' lang='lat' dir='ltr'>forma,</span> <span class='ocrx_word' id='word_1_101' title='bbox 523 1867 580 1941; x_wconf 87' lang='lat' dir='ltr'>sed</span> <span class='ocrx_word' id='word_1_102' title='bbox 601 1868 779 1947; x_wconf 81' lang='lat' dir='ltr'>eternitas</span> <span class='ocrx_word' id='word_1_103' title='bbox 797 1866 910 1947; x_wconf 84' lang='lat' dir='ltr'>amitti</span> <span class='ocrx_word' id='word_1_104' title='bbox 931 1885 1007 1939; x_wconf 93' lang='lat' dir='ltr'>non</span> <span class='ocrx_word' id='word_1_105' title='bbox 1024 1864 1165 1958; x_wconf 81' lang='lat' dir='ltr'>potest:</span> 
     </span>
     <span class='ocr_line' id='line_1_15' title="bbox 104 1962 1165 2065; baseline 0 -26"><span class='ocrx_word' id='word_1_106' title='bbox 104 1965 188 2057; x_wconf 83' lang='lat' dir='ltr'>quia</span> <span class='ocrx_word' id='word_1_107' title='bbox 209 1964 272 2041; x_wconf 84' lang='lat' dir='ltr'>nist</span> <span class='ocrx_word' id='word_1_108' title='bbox 288 1966 402 2041; x_wconf 80' lang='lat' dir='ltr'>amitti</span> <span class='ocrx_word' id='word_1_109' title='bbox 418 1989 495 2049; x_wconf 89' lang='lat' dir='ltr'>non</span> <span class='ocrx_word' id='word_1_110' title='bbox 508 1967 634 2063; x_wconf 82' lang='lat' dir='ltr'>possit,</span> <span class='ocrx_word' id='word_1_111' title='bbox 660 1967 839 2040; x_wconf 74' lang='lat' dir='ltr'>eternitas</span> <span class='ocrx_word' id='word_1_112' title='bbox 857 1986 935 2039; x_wconf 92' lang='lat' dir='ltr'>non</span> <span class='ocrx_word' id='word_1_113' title='bbox 954 1962 1016 2041; x_wconf 89' lang='lat' dir='ltr'>est.</span> <span class='ocrx_word' id='word_1_114' title='bbox 1062 1962 1165 2065; x_wconf 81' lang='lat' dir='ltr'>Ergo</span> 
     </span>
     <span class='ocr_line' id='line_1_16' title="bbox 103 2062 1168 2163; baseline 0 -24"><span class='ocrx_word' id='word_1_115' title='bbox 103 2084 174 2143; x_wconf 89' lang='lat' dir='ltr'>nec</span> <span class='ocrx_word' id='word_1_116' title='bbox 197 2064 478 2145; x_wconf 88' lang='lat' dir='ltr'>demutationem</span> <span class='ocrx_word' id='word_1_117' title='bbox 501 2067 624 2162; x_wconf 91' lang='lat' dir='ltr'>potuit</span> <span class='ocrx_word' id='word_1_118' title='bbox 646 2064 834 2148; x_wconf 76' lang='lat' dir='ltr'>admisrffea</span> <span class='ocrx_word' id='word_1_119' title='bbox 872 2064 955 2163; x_wconf 89' lang='lat' dir='ltr'>quia</span> <span class='ocrx_word' id='word_1_120' title='bbox 978 2062 1004 2139; x_wconf 84' lang='grc' dir='ltr'>[ι</span> <span class='ocrx_word' id='word_1_121' title='bbox 1028 2064 1168 2145; x_wconf 75' lang='lat' dir='ltr'>eterni·</span> 
     </span>
     <span class='ocr_line' id='line_1_17' title="bbox 102 2163 855 2260; baseline -0.005 -17"><span class='ocrx_word' id='word_1_122' title='bbox 102 2176 158 2243; x_wconf 85' lang='lat' dir='ltr'>tas</span> <span class='ocrx_word' id='word_1_123' title='bbox 176 2163 247 2257; x_wconf 84' lang='lat' dir='ltr'>est,</span> <span class='ocrx_word' id='word_1_124' title='bbox 275 2164 448 2242; x_wconf 90' lang='lat' dir='ltr'>demutari</span> <span class='ocrx_word' id='word_1_125' title='bbox 463 2168 565 2246; x_wconf 89' lang='lat' dir='ltr'>nullo</span> <span class='ocrx_word' id='word_1_126' title='bbox 578 2166 691 2241; x_wconf 88' lang='lat' dir='ltr'>modo</span> <span class='ocrx_word' id='word_1_127' title='bbox 706 2164 837 2260; x_wconf 82' lang='lat' dir='ltr'>potest.</span> <span class='ocrx_word' id='word_1_128' title='bbox 852 2170 855 2175; x_wconf 86' lang='lat'>&#39;</span> 
     </span>
    </p>

    <p class='ocr_par' dir='ltr' id='par_1_3' title="bbox 92 2258 1170 3753">
     <span class='ocr_line' id='line_1_18' title="bbox 182 2258 1165 2358; baseline 0 -21"><span class='ocrx_word' id='word_1_129' title='bbox 182 2283 236 2354; x_wconf 85' lang='lat'>13.</span> <span class='ocrx_word' id='word_1_130' title='bbox 262 2258 312 2341; x_wconf 82' lang='lat' dir='ltr'>Et</span> <span class='ocrx_word' id='word_1_131' title='bbox 324 2279 521 2358; x_wconf 76' lang='lat' dir='ltr'>quaretur,</span> <span class='ocrx_word' id='word_1_132' title='bbox 547 2265 734 2357; x_wconf 85' lang='lat' dir='ltr'>quomodo</span> <span class='ocrx_word' id='word_1_133' title='bbox 750 2288 792 2338; x_wconf 83' lang='lat' dir='ltr'>ex</span> <span class='ocrx_word' id='word_1_134' title='bbox 808 2287 850 2338; x_wconf 86' lang='lat' dir='ltr'>er</span> <span class='ocrx_word' id='word_1_135' title='bbox 863 2267 962 2341; x_wconf 85' lang='lat' dir='ltr'>bona</span> <span class='ocrx_word' id='word_1_136' title='bbox 977 2262 1071 2337; x_wconf 67' lang='lat' dir='ltr'>faita</span> <span class='ocrx_word' id='word_1_137' title='bbox 1083 2258 1165 2354; x_wconf 78' lang='lat' dir='ltr'>fint,</span> 
     </span>
     <span class='ocr_line' id='line_1_19' title="bbox 105 2360 1169 2457; baseline -0.002 -20"><span class='ocrx_word' id='word_1_138' title='bbox 105 2382 184 2457; x_wconf 81' lang='lat' dir='ltr'>quar</span> <span class='ocrx_word' id='word_1_139' title='bbox 209 2386 255 2437; x_wconf 87' lang='lat' dir='ltr'>ex</span> <span class='ocrx_word' id='word_1_140' title='bbox 278 2361 522 2441; x_wconf 86' lang='lat' dir='ltr'>demutatione</span> <span class='ocrx_word' id='word_1_141' title='bbox 546 2367 647 2453; x_wconf 79' lang='lat' dir='ltr'>nullo</span> <span class='ocrx_word' id='word_1_142' title='bbox 669 2365 781 2439; x_wconf 91' lang='lat' dir='ltr'>modo</span> <span class='ocrx_word' id='word_1_143' title='bbox 804 2362 895 2446; x_wconf 72' lang='lat' dir='ltr'>faita</span> <span class='ocrx_word' id='word_1_144' title='bbox 921 2362 1026 2437; x_wconf 73' lang='lat' dir='ltr'>sunt?</span> <span class='ocrx_word' id='word_1_145' title='bbox 1057 2360 1169 2437; x_wconf 89' lang='lat' dir='ltr'>Unde</span> 
     </span>
     <span class='ocr_line' id='line_1_20' title="bbox 103 2461 1170 2560; baseline -0.007 -19"><span class='ocrx_word' id='word_1_146' title='bbox 103 2461 143 2543; x_wconf 87' lang='lat' dir='ltr'>in</span> <span class='ocrx_word' id='word_1_147' title='bbox 162 2464 254 2541; x_wconf 86' lang='lat' dir='ltr'>mala</span> <span class='ocrx_word' id='word_1_148' title='bbox 280 2484 322 2537; x_wconf 89' lang='lat' dir='ltr'>ac</span> <span class='ocrx_word' id='word_1_149' title='bbox 347 2462 486 2555; x_wconf 69' lang='lat' dir='ltr'>pessima</span> <span class='ocrx_word' id='word_1_150' title='bbox 502 2466 591 2539; x_wconf 93' lang='lat' dir='ltr'>boni</span> <span class='ocrx_word' id='word_1_151' title='bbox 610 2478 717 2560; x_wconf 87' lang='lat' dir='ltr'>atque</span> <span class='ocrx_word' id='word_1_152' title='bbox 734 2464 863 2559; x_wconf 91' lang='lat' dir='ltr'>optimi</span> <span class='ocrx_word' id='word_1_153' title='bbox 882 2462 1025 2546; x_wconf 79' lang='lat' dir='ltr'>semen?</span> <span class='ocrx_word' id='word_1_154' title='bbox 1060 2461 1170 2539; x_wconf 87' lang='lat' dir='ltr'>Certe</span> 
     </span>
     <span class='ocr_line' id='line_1_21' title="bbox 105 2562 1166 2658; baseline -0.006 -17"><span class='ocrx_word' id='word_1_155' title='bbox 105 2584 174 2641; x_wconf 89' lang='lat' dir='ltr'>nec</span> <span class='ocrx_word' id='word_1_156' title='bbox 189 2564 288 2641; x_wconf 90' lang='lat' dir='ltr'>bona</span> <span class='ocrx_word' id='word_1_157' title='bbox 305 2564 437 2658; x_wconf 88' lang='lat' dir='ltr'>arbor,</span> <span class='ocrx_word' id='word_1_158' title='bbox 468 2564 600 2645; x_wconf 73' lang='lat' dir='ltr'>fruetus</span> <span class='ocrx_word' id='word_1_159' title='bbox 624 2568 738 2643; x_wconf 88' lang='lat' dir='ltr'>malos</span> <span class='ocrx_word' id='word_1_160' title='bbox 761 2566 853 2643; x_wconf 79' lang='lat' dir='ltr'>edit:</span> <span class='ocrx_word' id='word_1_161' title='bbox 880 2565 961 2656; x_wconf 87' lang='lat' dir='ltr'>quia</span> <span class='ocrx_word' id='word_1_162' title='bbox 980 2584 1048 2635; x_wconf 89' lang='lat' dir='ltr'>nec</span> <span class='ocrx_word' id='word_1_163' title='bbox 1066 2562 1166 2635; x_wconf 84' lang='lat' dir='ltr'>Deus</span> 
     </span>
     <span class='ocr_line' id='line_1_22' title="bbox 94 2662 1167 2757; baseline -0.002 -20"><span class='ocrx_word' id='word_1_164' title='bbox 94 2662 169 2757; x_wconf 85' lang='lat' dir='ltr'>¹nist</span> <span class='ocrx_word' id='word_1_165' title='bbox 188 2664 325 2743; x_wconf 85' lang='lat' dir='ltr'>bonus:</span> <span class='ocrx_word' id='word_1_166' title='bbox 351 2686 419 2747; x_wconf 83' lang='lat' dir='ltr'>nec</span> <span class='ocrx_word' id='word_1_167' title='bbox 436 2668 526 2747; x_wconf 83' lang='lat' dir='ltr'>mala</span> <span class='ocrx_word' id='word_1_168' title='bbox 544 2668 671 2757; x_wconf 85' lang='lat' dir='ltr'>arbor,</span> <span class='ocrx_word' id='word_1_169' title='bbox 697 2668 835 2739; x_wconf 87' lang='lat' dir='ltr'>bonos:</span> <span class='ocrx_word' id='word_1_170' title='bbox 870 2664 951 2755; x_wconf 86' lang='lat' dir='ltr'>quia</span> <span class='ocrx_word' id='word_1_171' title='bbox 967 2683 1036 2734; x_wconf 90' lang='lat' dir='ltr'>nec</span> <span class='ocrx_word' id='word_1_172' title='bbox 1058 2678 1167 2735; x_wconf 79' lang='lat' dir='ltr'>mate·</span> 
     </span>
     <span class='ocr_line' id='line_1_23' title="bbox 103 2762 1166 2860; baseline -0.008 -17"><span class='ocrx_word' id='word_1_173' title='bbox 103 2765 158 2843; x_wconf 77' lang='lat' dir='ltr'>ria</span> <span class='ocrx_word' id='word_1_174' title='bbox 176 2762 227 2839; x_wconf 84' lang='lat' dir='ltr'>est</span> <span class='ocrx_word' id='word_1_175' title='bbox 247 2765 397 2860; x_wconf 81' lang='lat' dir='ltr'>peffinra.</span> <span class='ocrx_word' id='word_1_176' title='bbox 456 2764 534 2841; x_wconf 85' lang='lat' dir='ltr'>Aut</span> <span class='ocrx_word' id='word_1_177' title='bbox 559 2765 582 2848; x_wconf 82' lang='lat' dir='ltr'>st</span> <span class='ocrx_word' id='word_1_178' title='bbox 609 2766 768 2845; x_wconf 86' lang='lat' dir='ltr'>dabimus</span> <span class='ocrx_word' id='word_1_179' title='bbox 793 2764 843 2839; x_wconf 87' lang='lat' dir='ltr'>illi</span> <span class='ocrx_word' id='word_1_180' title='bbox 871 2763 1027 2853; x_wconf 78' lang='lat' dir='ltr'>aliquid,</span> <span class='ocrx_word' id='word_1_181' title='bbox 1061 2762 1166 2841; x_wconf 80' lang='lat' dir='ltr'>etiam</span> 
     </span>
     <span class='ocr_line' id='line_1_24' title="bbox 94 2860 1164 2958; baseline -0.008 -13"><span class='ocrx_word' id='word_1_182' title='bbox 94 2864 194 2957; x_wconf 73' lang='lat' dir='ltr'>‚boni</span> <span class='ocrx_word' id='word_1_183' title='bbox 220 2866 410 2958; x_wconf 82' lang='lat' dir='ltr'>germinis,</span> <span class='ocrx_word' id='word_1_184' title='bbox 441 2867 514 2956; x_wconf 88' lang='lat' dir='ltr'>jam</span> <span class='ocrx_word' id='word_1_185' title='bbox 539 2886 615 2939; x_wconf 90' lang='lat' dir='ltr'>non</span> <span class='ocrx_word' id='word_1_186' title='bbox 642 2867 711 2938; x_wconf 91' lang='lat' dir='ltr'>erit</span> <span class='ocrx_word' id='word_1_187' title='bbox 736 2864 923 2937; x_wconf 88' lang='lat' dir='ltr'>uniformis</span> <span class='ocrx_word' id='word_1_188' title='bbox 948 2878 1106 2947; x_wconf 78' lang='lat' dir='ltr'>naturae,</span> <span class='ocrx_word' id='word_1_189' title='bbox 1131 2860 1164 2937; x_wconf 90' lang='lat' dir='ltr'>id</span> 
     </span>
     <span class='ocr_line' id='line_1_25' title="bbox 106 2958 1164 3055; baseline -0.004 -18"><span class='ocrx_word' id='word_1_190' title='bbox 106 2963 182 3055; x_wconf 85' lang='lat' dir='ltr'>est,</span> <span class='ocrx_word' id='word_1_191' title='bbox 208 2964 307 3041; x_wconf 86' lang='lat' dir='ltr'>malae</span> <span class='ocrx_word' id='word_1_192' title='bbox 332 2964 369 3037; x_wconf 92' lang='lat' dir='ltr'>in</span> <span class='ocrx_word' id='word_1_193' title='bbox 394 2977 534 3043; x_wconf 75' lang='lat' dir='ltr'>totum:</span> <span class='ocrx_word' id='word_1_194' title='bbox 560 2964 617 3043; x_wconf 86' lang='lat' dir='ltr'>sed</span> <span class='ocrx_word' id='word_1_195' title='bbox 643 2964 677 3036; x_wconf 90' lang='lat'>&amp;</span> <span class='ocrx_word' id='word_1_196' title='bbox 702 2980 840 3041; x_wconf 88' lang='lat' dir='ltr'>tantum</span> <span class='ocrx_word' id='word_1_197' title='bbox 865 2964 1021 3054; x_wconf 75' lang='lat' dir='ltr'>duplex,</span> <span class='ocrx_word' id='word_1_198' title='bbox 1045 2962 1083 3039; x_wconf 89' lang='lat' dir='ltr'>id</span> <span class='ocrx_word' id='word_1_199' title='bbox 1104 2958 1164 3051; x_wconf 85' lang='lat' dir='ltr'>est,</span> 
     </span>
     <span class='ocr_line' id='line_1_26' title="bbox 104 3059 1163 3155; baseline -0.007 -18"><span class='ocrx_word' id='word_1_200' title='bbox 104 3060 212 3137; x_wconf 89' lang='lat' dir='ltr'>booae</span> <span class='ocrx_word' id='word_1_201' title='bbox 237 3061 271 3137; x_wconf 85' lang='lat' dir='ltr'>dt</span> <span class='ocrx_word' id='word_1_202' title='bbox 296 3062 394 3133; x_wconf 82' lang='lat' dir='ltr'>malae</span> <span class='ocrx_word' id='word_1_203' title='bbox 420 3077 564 3137; x_wconf 73' lang='lat' dir='ltr'>naturae</span> <span class='ocrx_word' id='word_1_204' title='bbox 616 3059 665 3139; x_wconf 83' lang='lat' dir='ltr'>Et</span> <span class='ocrx_word' id='word_1_205' title='bbox 690 3076 868 3155; x_wconf 84' lang='lat' dir='ltr'>quaetetut</span> <span class='ocrx_word' id='word_1_206' title='bbox 887 3062 1041 3151; x_wconf 85' lang='lat' dir='ltr'>iterum,</span> <span class='ocrx_word' id='word_1_207' title='bbox 1069 3083 1114 3138; x_wconf 90' lang='lat' dir='ltr'>an</span> <span class='ocrx_word' id='word_1_208' title='bbox 1131 3059 1163 3131; x_wconf 92' lang='lat' dir='ltr'>in</span> 
     </span>
     <span class='ocr_line' id='line_1_27' title="bbox 105 3158 1161 3255; baseline -0.003 -22"><span class='ocrx_word' id='word_1_209' title='bbox 105 3160 208 3241; x_wconf 86' lang='lat' dir='ltr'>bono</span> <span class='ocrx_word' id='word_1_210' title='bbox 235 3158 269 3235; x_wconf 83' lang='lat' dir='ltr'>dt</span> <span class='ocrx_word' id='word_1_211' title='bbox 294 3160 389 3239; x_wconf 82' lang='lat' dir='ltr'>analo</span> <span class='ocrx_word' id='word_1_212' title='bbox 414 3162 577 3255; x_wconf 87' lang='lat' dir='ltr'>potuerit</span> <span class='ocrx_word' id='word_1_213' title='bbox 603 3163 802 3234; x_wconf 86' lang='lat' dir='ltr'>convenire</span> <span class='ocrx_word' id='word_1_214' title='bbox 834 3162 906 3235; x_wconf 87' lang='lat' dir='ltr'>luci</span> <span class='ocrx_word' id='word_1_215' title='bbox 933 3160 967 3233; x_wconf 83' lang='lat' dir='ltr'>dt</span> <span class='ocrx_word' id='word_1_216' title='bbox 992 3160 1161 3248; x_wconf 90' lang='lat' dir='ltr'>tenebris,</span> 
     </span>
     <span class='ocr_line' id='line_1_28' title="bbox 107 3256 1161 3355; baseline -0.004 -22"><span class='ocrx_word' id='word_1_217' title='bbox 107 3258 204 3337; x_wconf 87' lang='lat' dir='ltr'>dulci</span> <span class='ocrx_word' id='word_1_218' title='bbox 225 3256 405 3335; x_wconf 78' lang='lat' dir='ltr'>&amp;amaro</span> <span class='ocrx_word' id='word_1_219' title='bbox 457 3258 560 3349; x_wconf 83' lang='lat' dir='ltr'>Aut,</span> <span class='ocrx_word' id='word_1_220' title='bbox 593 3260 618 3341; x_wconf 84' lang='grc' dir='ltr'>[ι</span> <span class='ocrx_word' id='word_1_221' title='bbox 640 3264 762 3355; x_wconf 85' lang='lat' dir='ltr'>potuit</span> <span class='ocrx_word' id='word_1_222' title='bbox 780 3262 964 3351; x_wconf 85' lang='lat' dir='ltr'>utriusque</span> <span class='ocrx_word' id='word_1_223' title='bbox 982 3260 1161 3333; x_wconf 83' lang='lat' dir='ltr'>direriitas</span> 
     </span>
     <span class='ocr_line' id='line_1_29' title="bbox 106 3356 1161 3454; baseline -0.008 -17"><span class='ocrx_word' id='word_1_224' title='bbox 106 3362 196 3437; x_wconf 90' lang='lat' dir='ltr'>boni</span> <span class='ocrx_word' id='word_1_225' title='bbox 212 3356 245 3430; x_wconf 78' lang='lat' dir='ltr'>u</span> <span class='ocrx_word' id='word_1_226' title='bbox 260 3358 343 3433; x_wconf 81' lang='lat' dir='ltr'>mati</span> <span class='ocrx_word' id='word_1_227' title='bbox 363 3358 601 3454; x_wconf 80' lang='lat' dir='ltr'>concturiffe,</span> <span class='ocrx_word' id='word_1_228' title='bbox 627 3361 810 3453; x_wconf 87' lang='lat' dir='ltr'>&amp;duplex</span> <span class='ocrx_word' id='word_1_229' title='bbox 830 3375 958 3433; x_wconf 85' lang='lat' dir='ltr'>natura</span> <span class='ocrx_word' id='word_1_230' title='bbox 975 3358 1078 3437; x_wconf 79' lang='lat' dir='ltr'>fuisse</span> <span class='ocrx_word' id='word_1_231' title='bbox 1099 3378 1161 3435; x_wconf 87' lang='lat' dir='ltr'>ma·</span> 
     </span>
     <span class='ocr_line' id='line_1_30' title="bbox 105 3452 1161 3552; baseline -0.003 -21"><span class='ocrx_word' id='word_1_232' title='bbox 105 3461 205 3537; x_wconf 80' lang='lat' dir='ltr'>teriae</span> <span class='ocrx_word' id='word_1_233' title='bbox 230 3458 416 3533; x_wconf 83' lang='lat' dir='ltr'>amborum</span> <span class='ocrx_word' id='word_1_234' title='bbox 439 3458 540 3539; x_wconf 84' lang='lat' dir='ltr'>ferax</span> <span class='ocrx_word' id='word_1_235' title='bbox 566 3460 761 3537; x_wconf 69' lang='lat' dir='ltr'>fruetuum</span> <span class='ocrx_word' id='word_1_236' title='bbox 792 3461 864 3552; x_wconf 89' lang='lat' dir='ltr'>jam</span> <span class='ocrx_word' id='word_1_237' title='bbox 888 3481 958 3533; x_wconf 89' lang='lat' dir='ltr'>nee</span> <span class='ocrx_word' id='word_1_238' title='bbox 976 3462 1076 3534; x_wconf 87' lang='lat' dir='ltr'>bona</span> <span class='ocrx_word' id='word_1_239' title='bbox 1098 3452 1161 3552; x_wconf 82' lang='lat' dir='ltr'>ipsa</span> 
     </span>
     <span class='ocr_line' id='line_1_31' title="bbox 92 3552 1160 3653; baseline 0 -24"><span class='ocrx_word' id='word_1_240' title='bbox 92 3552 192 3637; x_wconf 80' lang='lat' dir='ltr'>¹&#39;Deo</span> <span class='ocrx_word' id='word_1_241' title='bbox 208 3556 495 3651; x_wconf 87' lang='lat' dir='ltr'>deputabuntur,</span> <span class='ocrx_word' id='word_1_242' title='bbox 522 3575 563 3633; x_wconf 88' lang='lat' dir='ltr'>ut</span> <span class='ocrx_word' id='word_1_243' title='bbox 579 3584 647 3635; x_wconf 88' lang='lat' dir='ltr'>nec</span> <span class='ocrx_word' id='word_1_244' title='bbox 664 3561 755 3635; x_wconf 90' lang='lat' dir='ltr'>mala</span> <span class='ocrx_word' id='word_1_245' title='bbox 771 3560 822 3631; x_wconf 89' lang='lat' dir='ltr'>illi</span> <span class='ocrx_word' id='word_1_246' title='bbox 837 3560 1083 3653; x_wconf 77' lang='lat' dir='ltr'>imputentur3</span> <span class='ocrx_word' id='word_1_247' title='bbox 1108 3553 1160 3633; x_wconf 85' lang='lat' dir='ltr'>sed</span> 
     </span>
     <span class='ocr_line' id='line_1_32' title="bbox 104 3652 1161 3753; baseline 0 -24"><span class='ocrx_word' id='word_1_248' title='bbox 104 3670 256 3753; x_wconf 85' lang='lat' dir='ltr'>utraque</span> <span class='ocrx_word' id='word_1_249' title='bbox 281 3656 413 3751; x_wconf 86' lang='lat' dir='ltr'>species</span> <span class='ocrx_word' id='word_1_250' title='bbox 441 3660 484 3731; x_wconf 89' lang='lat' dir='ltr'>de</span> <span class='ocrx_word' id='word_1_251' title='bbox 510 3663 665 3739; x_wconf 84' lang='lat' dir='ltr'>materiae</span> <span class='ocrx_word' id='word_1_252' title='bbox 690 3659 913 3751; x_wconf 85' lang='lat' dir='ltr'>proprietate</span> <span class='ocrx_word' id='word_1_253' title='bbox 935 3659 1098 3751; x_wconf 89' lang='lat' dir='ltr'>sumpta,</span> <span class='ocrx_word' id='word_1_254' title='bbox 1121 3652 1161 3730; x_wconf 82' lang='lat' dir='ltr'>nd</span> 
     </span>
    </p>
   </div>
   <div class='ocr_carea' id='block_1_3' title="bbox 64 3758 1163 4353">
    <p class='ocr_par' dir='ltr' id='par_1_4' title="bbox 105 3758 1161 3863">
     <span class='ocr_line' id='line_1_33' title="bbox 105 3758 1161 3863; baseline -0.002 -32"><span class='ocrx_word' id='word_1_255' title='bbox 105 3758 289 3837; x_wconf 79' lang='lat' dir='ltr'>materiam</span> <span class='ocrx_word' id='word_1_256' title='bbox 302 3760 513 3853; x_wconf 76' lang='lat' dir='ltr'>ipertinebit.</span> <span class='ocrx_word' id='word_1_257' title='bbox 567 3764 653 3863; x_wconf 89' lang='lat' dir='ltr'>Quo</span> <span class='ocrx_word' id='word_1_258' title='bbox 674 3758 778 3852; x_wconf 69' lang='lat' dir='ltr'>padto</span> <span class='ocrx_word' id='word_1_259' title='bbox 799 3780 917 3850; x_wconf 91' lang='lat' dir='ltr'>neque</span> <span class='ocrx_word' id='word_1_260' title='bbox 938 3760 1085 3855; x_wconf 81' lang='lat' dir='ltr'>gratiam</span> <span class='ocrx_word' id='word_1_261' title='bbox 1104 3762 1161 3831; x_wconf 88' lang='lat' dir='ltr'>bo·</span> 
     </span>
    </p>

    <p class='ocr_par' dir='ltr' id='par_1_5' title="bbox 103 3856 1162 3958">
     <span class='ocr_line' id='line_1_34' title="bbox 103 3856 1162 3958; baseline 0.003 -29"><span class='ocrx_word' id='word_1_262' title='bbox 103 3876 235 3937; x_wconf 89' lang='lat' dir='ltr'>noram</span> <span class='ocrx_word' id='word_1_263' title='bbox 252 3858 333 3935; x_wconf 85' lang='lat' dir='ltr'>Deo</span> <span class='ocrx_word' id='word_1_264' title='bbox 353 3858 577 3950; x_wconf 83' lang='lat' dir='ltr'>debebimus,</span> <span class='ocrx_word' id='word_1_265' title='bbox 595 3880 664 3933; x_wconf 86' lang='lat' dir='ltr'>nee</span> <span class='ocrx_word' id='word_1_266' title='bbox 680 3856 853 3935; x_wconf 82' lang='lat' dir='ltr'>invidiam</span> <span class='ocrx_word' id='word_1_267' title='bbox 871 3860 1070 3956; x_wconf 84' lang='lat' dir='ltr'>malorum,</span> <span class='ocrx_word' id='word_1_268' title='bbox 1088 3857 1162 3958; x_wconf 79' lang='lat' dir='ltr'>quia</span> 
     </span>
    </p>

    <p class='ocr_par' dir='ltr' id='par_1_6' title="bbox 105 3954 688 4053">
     <span class='ocr_line' id='line_1_35' title="bbox 105 3954 688 4053; baseline 0 -18"><span class='ocrx_word' id='word_1_269' title='bbox 105 3954 191 4039; x_wconf 74' lang='lat' dir='ltr'>nihil</span> <span class='ocrx_word' id='word_1_270' title='bbox 208 3956 252 4031; x_wconf 88' lang='lat' dir='ltr'>de</span> <span class='ocrx_word' id='word_1_271' title='bbox 268 3958 329 4029; x_wconf 88' lang='lat' dir='ltr'>suo</span> <span class='ocrx_word' id='word_1_272' title='bbox 348 3974 517 4051; x_wconf 86' lang='lat' dir='ltr'>operatus</span> <span class='ocrx_word' id='word_1_273' title='bbox 531 3959 688 4053; x_wconf 65' lang='lat' dir='ltr'>iugenio,</span> 
     </span>
    </p>

    <p class='ocr_par' dir='ltr' id='par_1_7' title="bbox 64 4056 1162 4151">
     <span class='ocr_line' id='line_1_36' title="bbox 64 4056 1162 4151; baseline 0.005 -27"><span class='ocrx_word' id='word_1_274' title='bbox 64 4118 69 4137; x_wconf 86' lang='grc'><strong><em>,</em></strong></span> <span class='ocrx_word' id='word_1_275' title='bbox 184 4075 238 4151; x_wconf 80' lang='lat'>14</span> <span class='ocrx_word' id='word_1_276' title='bbox 265 4056 334 4127; x_wconf 90' lang='lat' dir='ltr'>Per</span> <span class='ocrx_word' id='word_1_277' title='bbox 352 4059 449 4149; x_wconf 85' lang='lat' dir='ltr'>qaod</span> <span class='ocrx_word' id='word_1_278' title='bbox 460 4060 673 4151; x_wconf 86' lang='lat' dir='ltr'>probabitur</span> <span class='ocrx_word' id='word_1_279' title='bbox 683 4056 865 4137; x_wconf 86' lang='lat' dir='ltr'>manifeste</span> <span class='ocrx_word' id='word_1_280' title='bbox 879 4059 1036 4132; x_wconf 70' lang='lat' dir='ltr'>materia</span> <span class='ocrx_word' id='word_1_281' title='bbox 1055 4056 1162 4133; x_wconf 86' lang='lat' dir='ltr'>deser·</span> 
     </span>
    </p>

    <p class='ocr_par' dir='ltr' id='par_1_8' title="bbox 107 4152 1163 4353">
     <span class='ocr_line' id='line_1_37' title="bbox 107 4152 1163 4272; baseline 0.004 -43"><span class='ocrx_word' id='word_1_282' title='bbox 107 4152 205 4241; x_wconf 77' lang='lat' dir='ltr'>viss&#39;e,</span> <span class='ocrx_word' id='word_1_283' title='bbox 265 4152 360 4233; x_wconf 82' lang='lat' dir='ltr'>Nam</span> <span class='ocrx_word' id='word_1_284' title='bbox 378 4157 412 4235; x_wconf 78' lang='lat' dir='ltr'>dt</span> <span class='ocrx_word' id='word_1_285' title='bbox 430 4158 455 4236; x_wconf 85' lang='lat' dir='ltr'>fi</span> <span class='ocrx_word' id='word_1_286' title='bbox 475 4158 636 4257; x_wconf 75' lang='lat' dir='ltr'>tucatur,</span> <span class='ocrx_word' id='word_1_287' title='bbox 663 4155 751 4235; x_wconf 85' lang='lat' dir='ltr'>licet</span> <span class='ocrx_word' id='word_1_288' title='bbox 769 4180 815 4256; x_wconf 59' lang='lat' dir='ltr'>ex,</span> <span class='ocrx_word' id='word_1_289' title='bbox 842 4157 1033 4236; x_wconf 79' lang='lat' dir='ltr'>occusrone</span> <span class='ocrx_word' id='word_1_290' title='bbox 1059 4176 1163 4272; x_wconf 79' lang='lat' dir='ltr'>matt·</span> 
     </span>
     <span class='ocr_line' id='line_1_38' title="bbox 1045 4279 1120 4353; baseline 0.027 -20"><span class='ocrx_word' id='word_1_291' title='bbox 1045 4279 1120 4353; x_wconf 83' lang='lat' dir='ltr'>rtae,</span> 
     </span>
    </p>
   </div>
   <div class='ocr_carea' id='block_1_4' title="bbox 0 0 1204 4590">
    <p class='ocr_par' dir='ltr' id='par_1_9' title="bbox 0 0 1204 4590">
     <span class='ocr_line' id='line_1_39' title="bbox 0 0 1204 4590; baseline 0 0"><span class='ocrx_word' id='word_1_292' title='bbox 0 0 1204 4590; x_wconf 95' lang='lat' dir='ltr'> </span> 
     </span>
    </p>
   </div>
  </div>
 </body>
</html>
