2400 4590
104 522 177 609 sai
246 514 297 615 Q.
321 509 458 587 Smer.
483 509 631 587 Fton.
656 508 1029 585 Tnnruttrartr

104 696 182 753 non
207 673 435 749 sustineretur
456 672 493 745 in
513 666 644 768 finem,
670 672 823 767 quod&
843 692 941 747 nunc
963 672 1094 748 anime
1114 672 1168 749 de·

105 790 303 869 cerpuntur
328 773 422 868 apud
447 772 612 866 inferos,
645 772 670 847 li
699 772 781 847 solis
808 774 992 847 animabus
1023 770 1168 849 destinc-

103 892 218 950 retur.

185 984 240 1061 18.
274 972 472 1065 Hucusque
492 968 814 1071 prestrutiionibus
836 971 998 1071 egerim,
1035 972 1083 1047 ad
1101 990 1170 1049 mu·

105 1074 260 1149 niendor
275 1068 391 1145 senstu
412 1073 569 1145 omnium
589 1070 861 1167 scripturarum,
887 1092 964 1164 quae
984 1076 1171 1149 carniste·

106 1174 302 1247 cidivatum
318 1173 546 1265 pollicentur„
599 1170 666 1241 Cui
690 1192 769 1245 cum
788 1186 848 1244 tot
868 1169 1108 1247 audioritates
1121 1172 1171 1267 ju·

103 1273 242 1347 storum
256 1272 541 1365 patrociniorum
557 1286 777 1364 procurent,
802 1272 964 1345 honores
989 1272 1080 1345 dico
1101 1274 1170 1347 sub

104 1370 241 1445 stantiae
259 1370 386 1466 ipfius,
418 1387 493 1443 turn
516 1372 620 1442 vires·
632 1368 725 1462 Dei,
750 1385 828 1443 tum
848 1372 1017 1463 exempla
1036 1394 1170 1467 earum,

105 1486 183 1545 turn
205 1472 365 1544 rationes
383 1469 507 1561 judicii
532 1468 566 1541 &
588 1468 808 1543 necessitates
831 1469 953 1567 ipsius:
980 1472 1115 1565 utique
1127 1470 1170 1547 se

105 1570 264 1644 cundum
284 1569 485 1663 praejudicia
505 1581 566 1641 tot
590 1568 839 1641 auiloritatum
859 1568 1052 1663 scripturas
1073 1572 1170 1647 intel·

106 1664 168 1765 ligi
187 1670 393 1763 oportebit:
426 1690 504 1741 non
528 1666 718 1743 secundum
738 1668 880 1765 ingenia
899 1664 1169 1769 hereticorum,

106 1768 153 1843 de
174 1767 249 1842 sola
271 1768 521 1841 incredulitate
538 1768 745 1842 venientia:
783 1769 865 1859 quia
884 1766 1104 1847 incredibile
1118 1772 1170 1847 ht·

104 1869 235 1943 beatur
256 1866 391 1941 restitui
410 1864 634 1943 substantiam
652 1868 801 1941 interitu
822 1866 1060 1961 subduetam3
1099 1892 1170 1947 non

107 1970 190 2061 quia
203 1968 237 2039 ἃ
251 1967 449 2041 substantiae
463 1968 525 2060 ipsi
538 1966 759 2041 inemeribile
774 1967 835 2059 lit,
864 1984 925 2041 eut
941 1968 1029 2043 Deo
1044 1966 1172 2067 impos·

105 2068 227 2159 sibile,
256 2083 317 2141 aut
333 2067 470 2160 judicio
489 2065 664 2139 inhabile:
690 2070 796 2159 plane
810 2068 1046 2161 incredibile,
1068 2070 1170 2147 sance

106 2167 336 2260 predicatum
362 2164 678 2249 divinitussuerit:
710 2166 772 2238 nis1
796 2168 893 2258 quod
919 2166 983 2241 etsr
1005 2170 1171 2261 praedict·

106 2284 185 2338 turn
207 2265 243 2336 id
262 2287 281 2335 a
300 2264 385 2335 Deo
409 2286 485 2337 non
507 2262 648 2355 suisset,
675 2267 772 2336 utlro
795 2264 952 2358 praesumi
981 2268 1169 2363 debuisset,

106 2377 149 2436 ut
169 2376 363 2457 propterea
382 2385 457 2435 non
476 2364 727 2455 praedicatum,
765 2366 846 2457 quia
868 2381 927 2437 tot
950 2368 1171 2443 auctoritati·

106 2468 174 2537 bus
195 2462 473 2556 praejudicatum.
526 2461 580 2534 At
601 2482 681 2537 curn
702 2466 829 2536 divinis
851 2486 998 2557 quoque
1016 2472 1169 2543 vocibus

106 2563 297 2658 personat,
324 2578 427 2636 tanto
447 2563 543 2637 abest
556 2577 598 2635 ut
615 2562 715 2636 aliter
730 2565 966 2660 intelligatur,
995 2589 1105 2657 quam
1118 2568 1170 2643 de·

107 2662 261 2736 siderant
277 2663 357 2755 illa,
385 2686 404 2735 a
422 2666 548 2755 quibus
563 2664 668 2737 etiam
683 2662 754 2735 fine
773 2664 902 2737 divinis
923 2668 1082 2740 vocibus
1097 2689 1170 2763 per·

108 2762 304 2837 suadeatur.
357 2762 550 2834 Videamus
575 2764 681 2859 igitur
702 2765 775 2835 boc
798 2763 978 2856 primum,
1014 2787 1168 2856 quonam

108 2860 190 2937 stilo
216 2862 292 2955 spes
315 2862 378 2933 ista
401 2861 599 2954 proscripta
621 2862 673 2935 srt.
737 2862 860 2936 Unum
885 2866 1043 2956 opinor,
1081 2865 1170 2961 apud

110 2982 236 3032 omnes
263 2962 414 3033 ediilum
436 2961 506 3032 Dei
534 2962 667 3053 pendet
688 2960 897 3035 resurredlio
927 2979 1168 3041 mortuorum.

108 3059 198 3133 Duo
225 3064 337 3132 verba
359 3062 545 3155 expedita,
578 3058 710 3152 decisa,
747 3058 900 3135 detersa:
933 3062 1006 3154 ipsa
1035 3087 1170 3139 conve·

107 3160 234 3252 niam,
268 3158 339 3253 ipsa
370 3160 576 3252 discutiam,
611 3163 667 3232 cui
695 3160 728 3233 sc
761 3156 957 3235 substantiae
991 3165 1168 3240 addicant

109 3254 203 3333 Cum
226 3261 332 3333 audio
355 3260 646 3332 resurrectionem
670 3262 806 3334 homini
829 3262 1043 3356 imminere,
1083 3287 1170 3359 quac·

109 3380 185 3432 ram
209 3358 347 3433 necolle
368 3359 442 3449 cst,
469 3360 552 3449 quid
576 3360 650 3450 ejus
673 3363 800 3433 cadere
823 3360 987 3435 sortitum
1008 3363 1062 3439 sit.
1122 3364 1170 3437 Si·

110 3460 253 3551 quidem
269 3460 355 3532 nihil
373 3458 553 3553 resurgere
568 3460 788 3555 expedlabit,
813 3460 875 3533 nisi
888 3460 987 3553 quod
1000 3478 1088 3537 ante
1100 3464 1171 3538 suc·

109 3558 249 3632 ciderit.
315 3561 388 3652 Qui
416 3562 558 3651 ignorat
582 3581 723 3632 carnem
754 3562 881 3633 cadere
906 3582 970 3654 per
999 3580 1170 3658 mortem,

108 3658 231 3751 potest
247 3679 324 3730 eam
341 3679 409 3729 nec
422 3658 570 3730 stantem
585 3658 684 3731 nolle
698 3682 762 3752 per
775 3665 897 3734 vitam.
923 3684 925 3688 '
949 3661 1172 3739 Sententiam

108 3752 204 3850 Dei,
237 3772 364 3831 natura
381 3759 617 3849 pronunciat:
657 3758 757 3829 Terra
777 3788 828 3847 es,
854 3760 892 3835 d
911 3766 947 3829 in
963 3778 1088 3833 terram
1102 3766 1170 3839 ilis.

107 3852 159 3928 Et
177 3858 327 3948 quinon
344 3857 441 3928 audit
463 3859 573 3931 videt.
624 3857 734 3931 Nulla
748 3880 844 3934 mors
858 3881 935 3931 non
948 3861 1053 3935 ruina
1065 3886 1173 3938 mem·

108 3956 269 4035 brorum.
321 3957 425 4031 Hanc
441 3958 605 4050 corporis
624 3959 754 4032 sortem
772 3961 936 4033 dominus
952 3982 1103 4054 quoque
1115 3986 1173 4037 ex·

108 4054 247 4155 pressit,
272 4053 439 4149 cumipse
456 4056 646 4129 substantia
661 4060 828 4154 indutus,
860 4068 1013 4147 Diruere,
1041 4064 1172 4157 inquit,

105 4158 255 4254 templum
275 4158 375 4255 qiud,
400 4160 438 4234 (7
456 4184 504 4254 ego
524 4158 603 4230 illud
622 4164 728 4233 triduo
751 4161 943 4253 resuscitabo.
1004 4162 1174 4237 Ostendit

820 4277 826 4285 '
1011 4284 1125 4359 cmm,
