2400 4590
136 618 200 675 na
222 590 735 674 Panacnrrrr'onuua
759 576 1004 678 ωιτη.
1053 602 1122 698 4⁶7
1153 682 1159 691 ,

141 767 197 838 28.
224 756 306 858 Age
323 778 420 832 nunc
443 779 569 833 omnes
593 758 814 855 certaverint:
839 758 1011 855 deceptus
1029 760 1124 839 fit&
1174 764 1181 783 '

63 855 262 953 Apostolus
284 859 328 931 de
349 856 557 932 testimonio
575 859 761 932 reddendo
782 859 1015 950 quibusdam3
1047 864 1124 937 nul·

62 959 135 1031 lam
159 955 354 1050 respexerit
377 954 517 1052 spiritus
537 957 696 1048 sandius,
730 960 782 1031 uti
806 966 931 1031 eumin
951 977 1123 1033 venturam
1148 954 1151 959 ’

63 1058 239 1144 deduceret,
266 1057 396 1130 adhoc
412 1054 529 1130 missirs
547 1079 566 1128 a
582 1054 746 1150 Christo,
773 1059 816 1131 ad
836 1059 909 1131 hoc
926 1058 1123 1153 postulatus

62 1154 110 1228 de
123 1170 245 1248 patre,
270 1171 312 1229 ut
326 1154 396 1253 effer
409 1154 689 1235 renuentum.
742 1154 955 1253 Neglexerit
967 1156 1125 1236 officium

59 1252 135 1329 Dei
158 1255 323 1347 villicus,
349 1251 478 1351 Christi
498 1256 671 1331 vicarius:
704 1256 819 1330 linens
838 1256 1001 1330 ecclesras
1023 1260 1125 1332 aliter

61 1354 206 1427 interim
232 1355 459 1451 intelligere,
496 1358 598 1429 aliter
621 1356 798 1448 credere,
834 1357 931 1447 quod
960 1354 1123 1449 ipseper

62 1451 250 1546 apostolos
268 1454 492 1548 praedicabat
543 1453 682 1548 Ecquid
700 1455 889 1531 verisimile
909 1454 980 1549 est,
1005 1469 1047 1535 ut
1063 1468 1124 1531 tot

63 1572 106 1625 ac
120 1565 229 1624 tantae
243 1555 280 1625 in
295 1574 401 1627 unam
413 1550 521 1628 fidem
537 1553 762 1628 erraverint?
782 1552 913 1627 Nullus
928 1550 1023 1627 inter
1036 1557 1124 1631 mul·

63 1664 124 1724 tos
138 1666 291 1724 eventus
309 1673 399 1727 unus
418 1648 479 1728 est.
527 1650 657 1728 Exitus
671 1651 819 1728 variass'e
837 1654 1011 1728 debuerat
1028 1655 1125 1728 ordi·

60 1770 147 1825 nem
165 1750 332 1825 doctrinae
347 1752 583 1829 ecclesiarum.
635 1752 804 1827 Ceterum
818 1754 916 1846 quod
931 1754 1025 1846 apud
1036 1755 1125 1829 mul·

63 1858 124 1921 tos
141 1870 251 1924 unum
264 1846 479 1948 invenitur,
498 1872 575 1925 non
592 1848 643 1926 est
656 1864 822 1926 erratum.
874 1848 1019 1926 Audeat
1033 1874 1124 1952 ergo

65 1948 189 2043 aliquis
207 1950 349 2044 dicere,
375 1951 459 2023 illos
474 1948 621 2045 errasse,
648 1953 708 2043 qui
722 1950 956 2026 tradiderunt.

139 2069 196 2141 29.
224 2052 387 2148 Quoquo
411 2051 522 2125 modo
546 2050 590 2125 fit
612 2064 788 2124 erratum:
821 2062 894 2124 tam
916 2050 978 2124 diu
999 2050 1125 2144 utique

65 2148 201 2220 erravit
223 2168 348 2242 error,
386 2170 490 2241 quam
512 2149 573 2223 diu
595 2149 743 2223 hareses
770 2171 846 2223 non
874 2165 987 2226 erant.
1048 2146 1125 2225 Ali·

65 2268 156 2339 quos
176 2247 412 2322 Marcionitas
436 2249 761 2324 &Valentinianos
782 2250 964 2323 liberanda
989 2250 1124 2324 veritas

66 2345 286 2439 expediabat.
337 2346 676 2441 intercaperperam
689 2351 1012 2444 evangelizabatur.
1043 2347 1125 2421 Tot

64 2446 173 2520 millia
184 2446 331 2518 millium
346 2468 531 2541 perperam
545 2447 674 2536 tinil23
701 2461 761 2520 tot
777 2469 887 2540 opera
904 2446 986 2520 fidei
1000 2468 1125 2544 perpe·

65 2567 140 2618 ram
159 2544 376 2627 ministrata,
409 2559 469 2615 tot
491 2548 672 2638 virtutes,
702 2560 763 2618 tot
781 2545 984 2618 charismata
1000 2565 1126 2639 perpe·

64 2666 142 2720 ram
155 2659 324 2737 operata3
352 2658 411 2715 tot
426 2643 643 2736 sacerdotia,
662 2658 723 2716 tot
738 2643 925 2716 ministeria
938 2664 1123 2736 perperam

65 2743 206 2836 functa,
233 2758 293 2815 tot
307 2743 461 2836 denique
476 2744 646 2835 martyria
657 2764 842 2836 perperam
860 2742 943 2815 &in
958 2764 1124 2818 vacuum.

67 2844 186 2944 Quale
204 2842 280 2934 est,
312 2858 354 2914 ut
376 2859 458 2916 ante
474 2864 531 2915 res
550 2842 620 2915 Dei
642 2856 787 2936 curent,
814 2863 917 2933 quam
934 2843 1033 2934 cujus
1056 2841 1127 2914 Dei

62 2955 194 3017 notum
215 2940 325 3016 elset?
352 2939 451 3016 Ante
467 2941 674 3036 Christiani,
701 2962 804 3034 quam
827 2940 984 3014 Christus
1001 2943 1125 3015 inven-

63 3058 146 3114 tus:
180 3059 262 3114 ante
282 3040 454 3135 hareses,
483 3064 586 3135 quam
607 3062 695 3116 vera
715 3039 904 3115 dodirina?
938 3039 1128 3115 Sedenim
1154 3066 1159 3077 ‘

64 3145 107 3214 in
129 3142 293 3215 omnibus
315 3143 450 3215 veritas
475 3142 663 3237 imaginem
683 3142 873 3216 antecedit.
923 3139 1126 3232 Postremo,

63 3240 258 3315 srmilitudo
273 3239 439 3316 succedit.
491 3240 660 3314 Ceterum
674 3240 752 3313 satis
767 3244 946 3334 ineptum,
967 3254 1009 3310 ut
1026 3241 1126 3330 prior

65 3343 107 3415 in
128 3337 286 3411 doetrina
309 3341 444 3414 haeresrs
464 3342 659 3415 habeatur:
693 3340 755 3413 vel
780 3342 947 3431 quoniam
967 3335 1039 3431 ipsa
1062 3336 1137 3439 est,

67 3460 149 3532 qua
171 3436 307 3511 futuras
323 3439 470 3513 haereses
489 3439 715 3513 &cavendas
735 3439 1013 3533 praentrnciabat.
1067 3434 1127 3508 Ad

60 3541 146 3634 ejus
161 3536 329 3613 dodtrinae
343 3541 523 3613 eccleliam
537 3539 705 3633 scriptum
720 3537 784 3633 cst,
798 3541 871 3611 imo
885 3536 957 3629 ipsa
968 3533 1128 3608 dodbina

68 3639 114 3712 ad
135 3638 315 3712 ecclesram
337 3637 430 3714 suam
454 3638 588 3714 scribit:
625 3641 672 3711 Et
685 3639 716 3734 fi
738 3640 863 3732 angelus
884 3639 920 3707 de
944 3639 1014 3706 celo
1031 3635 1128 3706 aliter

70 3742 362 3833 evangelizaverit,
389 3744 471 3809 citra
488 3764 580 3837 quum
592 3763 668 3826 nas,
694 3737 925 3832 anathemasti.

147 3860 201 3931 30.
229 3837 302 3911 Ubi
318 3854 405 3910 tunc
420 3838 603 3933 Marcion,
622 3837 793 3911 Ponticus
811 3835 1012 3926 nauclerus,
1032 3831 1129 3906 Stoi·

71 3954 125 4008 cae
137 3934 335 4011 studiosus?
360 3936 436 4011 Ubi
452 3952 541 4009 tunc
552 3938 791 4028 Valentinus,
817 3930 1128 4007 Platonicaesetta-

68 4034 159 4109 tor?
193 4036 286 4110 Nam
308 4036 448 4110 constat
470 4039 577 4132 illos,
607 4056 725 4128 neque
749 4036 840 4107 adeo
868 4032 976 4125 olim,
1001 4030 1127 4120 inilia,

67 4135 253 4210 Antonini
268 4136 345 4211 fere
358 4137 580 4233 principatu,
608 4137 642 4208 dc
662 4134 791 4207 cathol
799 4155 872 4206 cam
888 4153 982 4226 pene
1000 4129 1128 4204 doeri-

60 4246 154 4309 ''nam
177 4234 388 4334 credidisse,
423 4235 517 4330 apud
540 4234 723 4409 eglesnm
747 4229 1030 4404 Romanensem<
1066 4228 1127 4303 sub

601 4354 673 4435 ga
947 4351 1090 4426 epreo-
