2400 4590
107 538 177 609 140
250 516 299 617 Q.
323 513 458 593 serr.
484 510 622 595 Fron.
647 513 1010 591 Tearotaraur

101 676 221 775 primo
233 674 333 769 qood
345 674 501 771 spiritale
519 674 592 770 est,
624 674 683 749 sed
703 674 803 769 quod
821 677 994 765 animalea
1028 664 1158 751 dehine

21 772 28 783 '
103 776 203 873 quod
217 772 393 870 spiiitale,
418 772 572 869 proinde
588 775 773 849 videamus
792 795 837 848 an
850 774 886 847 id
901 774 1012 871 ipsum
1029 776 1158 849 debeas

101 877 188 955 huic
208 896 354 967 quoque
370 872 489 949 censui
507 873 685 966 secundo,
717 896 764 947 an
780 874 819 949 in
837 874 960 947 eadem
979 889 1017 946 te
1041 874 1159 949 forma

103 974 174 1051 ess'e
193 975 414 1068 conveniat,
439 974 477 1049 in
491 995 563 1067 qua
574 973 781 1049 novissimus
794 993 939 1067 quoque
956 972 1094 1066 Adam,
1119 974 1159 1051 in

102 1096 173 1167 qua
204 1075 240 1149 ἃ
263 1077 422 1169 primum
458 1074 601 1167 quando
625 1075 829 1150 noviffimus
856 1072 998 1165 Adam,
1029 1073 1157 1165 idest,

102 1170 262 1249 christun
291 1176 460 1269 innuptus
495 1175 533 1246 in
565 1188 714 1265 toturn,
753 1173 853 1265 quod
886 1174 992 1245 etiam
1022 1173 1157 1265 primus

100 1272 249 1366 Adam,
282 1287 366 1348 ante
386 1274 552 1348 exsilium.
610 1274 681 1347 Sed
703 1273 840 1346 donato
865 1269 1061 1346 infirmitati
1086 1285 1157 1345 tuae

103 1372 217 1449 carnis
236 1371 304 1447 sue
322 1375 488 1467 exemplo
505 1372 698 1466 perfestior
711 1371 847 1462 Adam,
863 1372 965 1445 idest
984 1370 1156 1465 Christus,

101 1494 150 1548 eo
166 1492 312 1565 quoque
325 1473 471 1546 nomine
485 1472 697 1568 perseilior:
716 1493 786 1565 qua
799 1474 995 1567 integrior,
1015 1472 1158 1545 volenti

100 1573 244 1667 quidem
259 1572 325 1645 tibi
341 1570 449 1664 spado
466 1574 626 1645 occurrit
640 1574 675 1646 in
696 1592 824 1663 carne,
850 1572 874 1647 si
888 1593 981 1645 vero
996 1591 1072 1643 non
1091 1570 1159 1645 sus·

100 1670 207 1765 ficis,
241 1692 477 1765 monogamus
496 1675 651 1745 accurrit
668 1675 705 1745 in
726 1670 871 1765 spiritu,
895 1691 1002 1743 unam
1022 1672 1157 1745 habene

99 1770 283 1847 ecclesiam
298 1768 481 1861 sponsam,
505 1770 696 1845 secundum
712 1769 827 1844 Adam
840 1768 972 1843 &Evae
986 1766 1157 1865 figuram,

100 1892 207 1965 quam
221 1866 419 1964 Apostolus
435 1871 472 1943 in
490 1870 578 1943 illud
597 1891 764 1966 magnum
782 1868 1034 1943 sacramentum
1047 1870 1158 1965 interf

98 1982 262 2068 pretatur
277 1969 316 2043 in
335 1964 513 2043 Christum
530 1970 565 2043 ἀ
585 1970 767 2045 ecclesiam
792 1967 1001 2062 competill'e
1023 1970 1158 2043 carnali

98 2071 335 2165 monogamia
349 2089 414 2161 per
425 2067 625 2163 spiritalem.
673 2069 788 2153 Vides
804 2071 911 2163 igitur
929 2069 1158 2160 quemadmo-

98 2170 184 2245 dum
212 2171 318 2243 etiam
340 2168 379 2242 in
409 2167 551 2242 Christo
574 2190 719 2243 novans
745 2170 912 2262 censum,
948 2189 1024 2241 non
1050 2168 1158 2261 pollis

99 2290 182 2343 eum
202 2268 275 2342 sine
290 2268 526 2363 monogamiae
541 2269 757 2361 professione
776 2268 938 2355 deferre,
970 2266 1032 2343 nili
1050 2290 1159 2345 carne

97 2368 162 2460 sis,
189 2367 288 2460 quod
304 2366 428 2459 spiritu
440 2367 501 2440 ille
517 2366 588 2463 est,
613 2368 702 2443 licet
722 2368 757 2441 u
778 2368 877 2461 quod
896 2368 965 2441 fuit
979 2368 1017 2443 in
1032 2388 1157 2463 carne,

98 2489 199 2561 eque
213 2465 284 2541 esse
298 2467 475 2553 debueris.

172 2570 206 2643 ό.
241 2567 312 2639 Sed
345 2564 460 2639 adhuc
490 2565 599 2641 nobis
625 2588 819 2661 queramur
845 2570 982 2660 aliquos
1009 2565 1159 2663 originis

97 2666 290 2765 principes.
339 2663 431 2739 Non
449 2666 595 2760 placent
610 2668 705 2743 enim
724 2668 934 2759 quibusdam
949 2668 1158 2763 monogami

97 2782 265 2863 parentes
282 2763 400 2841 Adam
422 2765 587 2858 &Noe,
623 2766 770 2843 fortaffe
789 2789 859 2841 nec
879 2766 1047 2841 Christus.
1094 2764 1159 2839 Ad

97 2867 280 2941 Abraham
297 2866 452 2956 denique
466 2882 688 2958 provocant,
705 2869 878 2960 prohibiti
894 2879 1032 2961 patrem
1051 2866 1158 2939 alium

122 2978 225 3037 ieter
238 2963 358 3036 Deum
370 2962 575 3057 agnoscere.
613 2965 669 3036 Sit
682 2986 778 3039 nunc
793 2979 895 3064 pater
912 2964 1032 3039 noster
1042 2962 1159 3037 Abra·

95 2986 200 3155 flam,
226 3062 269 3135 fit
289 3061 323 3133 δι
344 3060 483 3135 Paulus.
544 3065 584 3132 In
600 3063 781 3157 evangalio,
807 3065 945 3159 inquit,
969 3090 1017 3157 ego
1034 3089 1091 3133 ves
1106 3088 1160 3157 ge·

94 3166 225 3235 erravi.
276 3158 396 3233 Etiam
409 3157 565 3235 Abrahae
579 3173 618 3235 te
633 3160 745 3238 filium
761 3165 901 3240 exhibe.
951 3164 1042 3238 Non
1060 3166 1157 3239 enim

94 3262 247 3365 pallivus
269 3259 336 3333 tibi
356 3256 480 3333 census
502 3258 554 3334 est
577 3263 615 3339 in
637 3262 713 3338 illo.
766 3262 914 3339 Certum
931 3278 1071 3357 tenipus
1090 3262 1158 3357 est,

96 3384 172 3454 quo
197 3376 278 3436 tuus
300 3371 403 3453 pater
423 3359 484 3434 est.
534 3359 572 3433 si
597 3363 692 3437 enirn
712 3384 758 3437 ex
774 3360 846 3437 fide
865 3360 928 3437 filii
944 3364 1159 3457 deputamur

95 3460 283 3554 Abrahae,
320 3473 363 3531 ut
387 3457 585 3553 Apostolus
612 3462 746 3556 docet,
773 3465 895 3538 dicens
925 3464 969 3537 ad
997 3462 1160 3558 Galatas,

98 3566 288 3661 Cognoscitis
302 3582 427 3655 nempe,
452 3563 527 3653 quia
543 3566 602 3654 qui
617 3588 656 3631 ex
668 3565 752 3651 fide,
780 3565 830 3661 ifli
837 3565 920 3653 sarna
927 3566 998 3653 filii
1011 3564 1160 3636 abraha.

97 3663 255 3765 Quando
275 3659 425 3735 credidit
441 3657 622 3737 Abraham
639 3661 749 3755 Deo,
775 3663 810 3736 ἀ
828 3664 1036 3761 deputatum
1055 3660 1107 3733 est
1124 3663 1160 3736 ei

93 3761 133 3835 in
152 3758 345 3852 iustitiam?
379 3757 523 3851 Opinor
543 3760 659 3835 adbuc
678 3763 716 3836 in
739 3766 989 3859 monogamia,
1016 3764 1099 3853 quia
1120 3762 1161 3837 in

96 3861 364 3936 circumcifione
386 3858 575 3953 nondum,
602 3861 745 3953 quodsi
767 3861 891 3958 postea
914 3864 952 3937 in
974 3875 1161 3952 utrunque

92 3971 251 4035 mutatus
267 3958 338 4051 est,
365 3958 398 4032 or
415 3961 452 4031 in
471 3957 679 4053 digamiam,
704 3982 769 4055 per
786 3963 921 4035 ancilla
938 3962 1161 4034 concubina-

94 4069 199 4147 tum,
234 4057 325 4130 &in
352 4058 655 4133 circumcisionem
680 4081 746 4156 per
772 4060 972 4135 testamenti
999 4060 1162 4155 signacu-

94 4158 185 4235 lum:
210 4176 287 4233 non
312 4158 421 4253 potes
442 4158 541 4231 illum
564 4172 703 4253 patrem
729 4158 944 4260 agnoscere,
968 4158 1031 4235 nisi
1051 4174 1160 4257 tunc,

860 4316 868 4333 .
1017 4279 1099 4335 cum
