2400 4590
102 516 183 605 4ῃ4
251 494 300 591 Q.
326 488 463 565 Sara.
488 484 1029 565 proruant-utrum

102 653 242 745 funeris
260 651 296 727 dt
311 652 434 725 honor
447 670 645 747 corporum
660 646 846 743 servetur,
873 648 1098 727 &memoria
1116 652 1179 733 ad·¹

103 752 264 845 reorum
278 766 514 847 temperetur.
558 748 728 825 Ceterum
741 770 843 841 quam
861 772 992 845 vanum
1005 766 1047 825 ut
1059 752 1179 829 anima

105 852 272 949 eorporis
282 850 375 947 justa
390 849 576 945 sustineat,
603 850 696 943 quali
715 850 845 941 aliquid
866 872 911 923 ex
929 852 997 925 illis
1021 852 1066 925 ad
1083 852 1180 929 infe·

104 974 170 1031 ros
185 950 342 1025 avehat?
375 950 500 1023 Multo
517 952 646 1025 vanius
668 950 692 1021 sr
712 950 840 1043 injuria
856 950 1087 1043 deputabitur
1103 955 1176 1027 ani·

104 1074 199 1144 111ae,
232 1048 386 1127 ceffatio·
405 1048 620 1145 sepulturae,
660 1070 765 1143 quam
788 1070 857 1145 pro
883 1052 996 1147 gratia
1020 1053 1177 1127 deberet

105 1152 281 1247 ampleiii.
341 1150 479 1241 Utique
507 1149 601 1225 eninr
625 1150 760 1221 tardius
790 1149 833 1222 ad
857 1149 994 1223 inferos
1020 1150 1178 1229 abstrahi

104 1254 250 1346 mallet,
284 1273 362 1345 quae
381 1271 449 1325 nec
471 1250 563 1323 mori
583 1250 715 1323 voluit.
746 1314 749 1319 .
774 1248 922 1323 Amabit
936 1253 1083 1343 impium
1104 1254 1176 1327 hae·

104 1352 250 1445 rodem,
275 1372 342 1445 per
357 1372 463 1444 quem
480 1349 596 1422 adhuc
611 1346 764 1442 pascitur
780 1350 879 1422 luce:
906 1352 1006 1423 autsr
1021 1348 1091 1444 qua
1102 1374 1175 1447 pro

106 1454 212 1551 petto
232 1450 361 1544 injuria
378 1448 428 1524 est
447 1448 582 1522 tardius
606 1447 667 1522 sub
687 1462 819 1523 terram
842 1450 1010 1544 detrudi,
1045 1453 1176 1527 titulus

106 1557 227 1631 'autern
250 1550 388 1645 injuriae
412 1546 557 1622 ceffatio
583 1547 635 1623 est
660 1546 875 1643 sepulture,
911 1570 1085 1643 perquam
1108 1552 1176 1627 ini.

107 1674 217 1747 quum
239 1672 318 1725 earn
334 1650 465 1743 injuria
481 1645 607 1741 adfici,
640 1650 698 1721 cui
719 1670 797 1723 non
815 1650 1048 1741 imputabitur
1066 1650 1177 1727 ceffa.

105 1752 164 1827 tio
177 1752 386 1845 sepuitruae,
405 1750 451 1825 ad
459 1751 647 1844 proximos
659 1746 795 1823 scilicet
808 1752 1002 1842 pertinens.
1053 1746 1177 1845 Ajunt

108 1852 346 1935 &immatura
362 1862 483 1925 morte
504 1860 707 1947 praeventas
728 1870 889 1943 eousque
913 1851 1035 1945 vagari
1052 1850 1176 1949 isthic,

108 1952 228 2027 donec
251 1950 444 2043 reliquatio
473 1948 697 2049 eompleatur
721 1950 860 2042 atatis,
894 1970 961 2041 qua
985 1971 1067 2025 cunr
1091 1972 1176 2049 per·

105 2050 299 2146 vixissent,
325 2052 352 2125 fi
372 2070 450 2123 non
469 2047 720 2141 intempestive
741 2047 917 2123 obiiffent.
966 2048 1085 2122 Porro
1110 2064 1177 2127 aut

108 2152 305 2227 constituta
318 2150 398 2223 sunt
410 2164 578 2241 tempora
591 2148 804 2239 unicuique,
829 2148 861 2220 ἃ
879 2147 1070 2221 constituta
1081 2171 1178 2242 prae·

105 2250 176 2345 ripi
193 2246 293 2343 poffe
306 2270 382 2321 non
399 2246 562 2340 credam,
591 2246 691 2321 autsr
708 2248 902 2320 constituta
917 2244 994 2321 unt
1008 2248 1175 2349 quidem,

106 2348 181 2429 Dei
193 2367 313 2421 tamen
333 2350 526 2420 vuluntate
544 2349 605 2419 vel
623 2350 738 2438 aliqua
751 2348 929 2440 potestate
943 2348 1173 2427 mutilantur:

107 2446 237 2531 frustra
257 2449 490 2543 mutilantur,
521 2446 548 2521 sr
564 2450 636 2541 jam
654 2448 793 2543 impleri
815 2446 993 2523 sustinent.
1044 2446 1174 2528 Autsr

107 2570 186 2625 non
204 2547 286 2623 sunt
302 2546 517 2644 constituta,
541 2549 639 2621 nulla
663 2550 733 2621 erit
752 2548 942 2639 reliquatio
965 2562 1175 2643 temporum

106 2670 186 2729 non
201 2648 491 2723 constitutorum.
523 2649 655 2722 Adhuc
668 2648 809 2721 addam:
825 2647 922 2720 Ecce
937 2650 1029 2721 obiit
1043 2648 1172 2746 (verbi

106 2751 241 2849 maria)
257 2750 373 2824 infans
394 2746 456 2823 sub
481 2751 631 2823 uberum
649 2746 832 2841 fontibus,
860 2765 946 2844 puta
964 2770 1061 2821 nunc
1080 2770 1175 2844 puer

104 2850 277 2943 investis,
304 2866 391 2943 puta
404 2848 606 2942 vesticeps,
633 2850 693 2941 qui
713 2866 832 2923 tamen
852 2847 1037 2943 octoginta
1055 2871 1173 2926 annor

104 2948 267 3021 vitturus
294 2949 433 3039 fuiffet,
468 2951 536 3021 hos
557 2963 779 3041 praereptos,
812 2962 854 3019 ut
877 2950 991 3021 anima
1014 2950 1090 3041 ejus
1112 2952 1175 3025 hic

103 3046 189 3149 post
202 3062 358 3121 mortem
372 3049 557 3146 transigat,
585 3050 688 3139 quale
702 3048 776 3121 est?
802 3046 973 3120 Aetatem
986 3051 1079 3123 eninr
1092 3071 1174 3125 non

106 3146 229 3241 potest
248 3168 378 3238 capere
397 3148 470 3222 sine
495 3168 676 3241 corpore,
711 3149 792 3239 quia
816 3167 880 3229 per
904 3168 1062 3240 corpora
1083 3172 1175 3243 ope·

106 3259 231 3323 tantur
250 3240 388 3320 atatem
451 3246 578 3321 Nostri
608 3265 727 3321 autem
750 3247 836 3321 iilud
861 3269 1006 3338 quoquo
1031 3251 1175 3347 recogi·

105 3358 207 3441 tent,
234 3367 391 3438 corpora
409 3347 533 3420 eadem
544 3362 751 3443 recepturus
765 3348 802 3419 in
818 3342 1078 3421 refirrreaione
1100 3352 1175 3425 ani·

104 3468 201 3539 mas,
225 3446 261 3519 in
278 3447 406 3538 quibus
420 3446 655 3522 decesserunt.
707 3448 816 3521 iidem
833 3467 919 3543 ergo
936 3448 1175 3541 sperabuntur

106 3544 355 3639 &corporum
372 3548 493 3642 modi,
527 3547 561 3621 dt
582 3549 715 3623 eadem
734 3564 855 3621 aetates
875 3570 951 3640 quae
973 3568 1176 3642 corporum

104 3645 236 3723 modos
251 3647 397 3721 faciunt.
444 3649 532 3743 Quo
547 3669 633 3746 ergo
648 3647 753 3745 patio
766 3644 886 3744 potest
898 3644 1042 3720 infantis
1056 3652 1176 3727 anima

103 3742 167 3821 hic
188 3746 379 3843 traniigore
402 3764 577 3844 praerepta
601 3764 788 3843 tempora,
814 3765 856 3820 ut
871 3747 1176 3843 otiogenariare·

103 3840 223 3940 surgat
239 3848 278 3917 in
298 3868 455 3939 corpore
475 3849 600 3923 mensis
621 3846 758 3922 unius?
797 3847 877 3921 Aut
898 3849 922 3920 sr
947 3848 1007 3921 hic
1029 3844 1175 3927 necess‘e

103 3943 173 4015 erit
188 3966 230 4017 ea
245 3958 411 4039 tempora
426 3948 587 4041 impleri,
615 3970 691 4041 qua
709 3946 849 4021 fueraut
866 3947 1058 4041 destinata,
1084 3971 1175 4027 num

102 4040 320 4117 &ordinem
342 4050 448 4136 vitae,
483 4070 589 4140 quem
607 4046 733 4121 sortita
753 4048 833 4121 sunt
850 4063 1017 4140 tempora
1037 4053 1175 4145 pariter

102 4160 186 4219 cum
201 4143 271 4219 illis
287 4145 347 4219 hic
368 4146 604 4245 destinatum,
628 4148 762 4245 puriter
777 4150 836 4225 hic
856 4148 972 4225 arrium
986 4150 1174 4249 decurret,

939 4264 944 4273 '
1079 4264 1124 4325 ut
