2400 4590
96 534 172 611 554
254 517 303 619 Q.
327 510 465 591 Sura.
489 511 634 591 Ftoru
660 509 996 589 Terruerunt

96 678 172 751 rint
192 674 256 749 ista
274 675 376 769 fieri,
401 697 478 750 non
494 698 575 752 cum
587 676 678 750 sada
689 676 841 751 fuerint:
866 675 951 767 quia
967 692 1052 747 cum
1068 668 1160 751 fatu

96 774 254 869 fuerint,
280 790 368 850 tunc
383 776 707 869 aderitredemptio
721 774 862 866 nostra,
890 794 1160 865 quaeeousque

98 878 384 971 adpropinquare
408 876 565 949 dicitur:
601 878 738 973 erigens
767 874 968 959 interim&
996 874 1160 946 excitans

97 978 257 1069 animos,
272 976 315 1049 ad
328 976 531 1068 proximum
540 978 611 1070 jam
625 976 696 1068 spei
708 974 871 1049 frustum.
923 972 1038 1065 eujus
1052 976 1161 1049 etiam

96 1076 268 1174 parabola
293 1074 491 1148 subtexitur
515 1073 813 1150 tenerescentium
833 1079 1005 1147 arborum
1025 1073 1064 1147 in
1081 1094 1161 1147 cau·

96 1174 303 1267 lemfloris‚
330 1173 508 1249 &dehinc
523 1176 651 1250 florem
664 1175 775 1272 frugis
788 1174 1068 1249 antecursorem.
1111 1176 1160 1247 ltu

97 1276 139 1353 U
156 1300 214 1345 vos
235 1300 305 1343 cum
324 1278 474 1347 videritis
495 1284 604 1348 omnia
625 1278 681 1375 ifle
698 1280 797 1368 fieri,
823 1278 937 1365 scitote
959 1280 1000 1345 in
1017 1294 1163 1369 proxumo

97 1372 154 1469 effi
175 1399 304 1469 regnum
328 1378 401 1446 Dei.
454 1378 595 1471 nglute
617 1404 685 1473 ergo
709 1382 976 1472 omnitempore,
1008 1392 1048 1445 ut
1073 1376 1162 1471 digni

97 1474 277 1549 habeamini
295 1476 422 1569 effugere
443 1482 546 1547 omnia
572 1478 646 1573 ε’]ἰα,
678 1474 717 1553 (5
730 1477 822 1575 fietis
838 1493 914 1547 ante
922 1478 1035 1566 filium
1060 1476 1163 1547 bumi-

96 1580 169 1654 nis,
200 1576 325 1665 utique
344 1595 408 1668 per
431 1573 725 1652 resurrectionem
750 1579 914 1651 omnibus
938 1587 1022 1649 ante
1047 1588 1162 1649 trans·

97 1672 194 1750 actis.
245 1674 301 1747 lta
319 1674 380 1748 etsr
402 1674 645 1773 inagnitione
667 1676 873 1757 sacramenti
895 1674 1069 1765 fruticat,
1105 1674 1161 1749 scd

96 1776 137 1848 in
162 1774 297 1847 domini
318 1772 633 1867 repraesentatione
659 1773 818 1851 florescit
844 1788 950 1868 atque
977 1772 1159 1869 frugescit.

98 1875 192 1975 Quis
213 1894 301 1971 ergo
324 1874 509 1949 dominum
529 1891 601 1951 tam
620 1874 896 1969 intempestive,
930 1874 1006 1947 fam
1029 1876 1162 1951 acerbe

98 1975 275 2047 excitavit
283 1975 354 2067 iam
369 1974 413 2047 ad
425 1974 606 2051 dexteram
622 1978 705 2067 Dei,
721 1976 765 2049 ad
778 1972 1079 2067 confringendam
1092 1988 1162 2047 ter·

97 2093 174 2147 ram
196 2072 387 2147 secundum
404 2072 557 2166 Esaiam,
585 2097 661 2168 quae
677 2088 769 2167 puto
790 2075 905 2149 adhuc
925 2076 1071 2169 integra
1086 2072 1162 2149 eur

98 2175 192 2273 Quis
208 2173 369 2245 inimicos
390 2172 515 2245 Christi
524 2177 595 2266 jam
614 2175 761 2267 subjecit
776 2176 925 2268 pedibus
944 2173 1018 2264 ejus
1036 2172 1160 2249 secun·

97 2272 182 2345 dum
197 2272 339 2362 David,
362 2271 455 2362 quasi
469 2274 638 2346 velocior
651 2287 772 2366 patre,
797 2275 896 2347 omni
909 2274 1025 2346 adhuc
1043 2294 1160 2369 popu-

97 2368 223 2445 lar'ium
237 2384 331 2443 coetu
347 2373 561 2446 reclamante
576 2373 793 2448 Christianos
809 2375 850 2447 ad
865 2371 1038 2445 leonem?
1069 2374 1160 2473 Quis

98 2472 192 2544 coelo
215 2470 487 2545 descendentem
505 2472 622 2569 Jesum
641 2476 748 2548 talem
771 2473 983 2566 conspexit,
1018 2476 1160 2563 qualern

98 2572 346 2647 ascendentem
362 2572 530 2665 Apostoli
546 2574 724 2665 viderant,
741 2573 932 2647 fecundum
948 2575 1162 2669 angelorum

99 2670 361 2747 constitutum?
395 2672 503 2745 Nulla
528 2674 572 2747 ad
594 2676 807 2747 hodiernum
825 2675 936 2746 tribus
959 2672 1002 2744 ad
1026 2675 1162 2747 tribum

97 2772 246 2867 pectora
266 2773 496 2864 ceciderunt,
531 2772 764 2869 agnoscentes
791 2793 894 2863 quem
915 2786 1159 2867 pupugerunt.

96 2872 222 2948 Nemo
243 2874 357 2944 adhuc
379 2874 521 2965 excepit
537 2874 695 2965 Heliam,
729 2894 838 2945 nemo
861 2872 975 2945 adbuc
993 2873 1087 2969 sugit
1101 2894 1160 2945 an·

98 2970 314 3059 tichristum,
334 2993 441 3043 nemo
457 2973 571 3045 adhuc
581 2973 776 3065 Babylonis
791 2973 926 3045 exitum
943 2972 1061 3046 flevit.
1100 2969 1161 3044 Est

94 3077 167 3170 jam
189 3071 248 3163 qui
265 3070 496 3144 resurrexerit
512 3072 573 3145 nisr
592 3071 805 3145 haereticus?
841 3068 939 3144 Exiit
960 3073 1068 3163 plane
1088 3072 1159 3164 jam

99 3174 144 3247 de
156 3171 321 3263 corporis
338 3168 547 3263 sepulchro,
575 3174 793 3245 etiamnunc
812 3171 967 3243 febribus
987 3171 1021 3242 dc
1038 3171 1160 3245 hulce-

98 3275 196 3349 ribus
212 3272 420 3363 obnoxius,
448 3270 481 3341 dc
503 3274 734 3344 conculcavit
746 3273 817 3362 jam
836 3273 1023 3365 inimicos,
1052 3273 1161 3344 etiam

96 3396 195 3449 nunc
216 3371 337 3445 lodari
360 3370 494 3444 habens
515 3391 596 3445 cum
615 3372 737 3444 mundi
752 3372 975 3466 potentibus.
1027 3370 1082 3443 Et
1095 3372 1160 3443 uti·

98 3496 169 3565 que
188 3476 259 3566 jam
282 3487 432 3568 regnat,
468 3473 574 3547 etiam
596 3499 680 3543 nunc
704 3473 808 3561 castrii
834 3496 902 3570 quae
920 3474 1004 3560 sunt
1026 3473 1161 3560 casaris,

98 3574 246 3650 debens.

174 3697 230 3769 23.
256 3654 382 3748 Docet
402 3671 544 3764 quidem
567 3668 764 3768 Apostolus
789 3668 1056 3744 Colossensibus
1081 3671 1162 3746 scri·

97 3775 214 3868 bena,
249 3792 382 3845 mortuos
404 3770 504 3846 fuiss'e
523 3794 592 3846 nos
614 3773 802 3864 aliquando
824 3774 974 3842 alienatos
996 3766 1162 3843 &inimi-

97 3876 265 3963 cousensus
282 3878 417 3959 domini,
441 3898 509 3943 cum
526 3880 562 3943 iu
583 3875 718 3969 operibus
741 3868 875 3966 peffimir
897 3872 1075 3965 agebamu13
1104 3873 1163 3947 de·

95 3977 182 4050 hinc
207 3978 396 4073 consepultos
417 3974 540 4071 Chaalla
561 3982 598 4044 m
620 3974 823 4071 baptismate,
852 3972 1163 4060 &corresuscitatos

97 4082 136 4149 in
150 4102 181 4148 eo
194 4097 250 4175 per
256 4079 351 4167 fidem
366 4073 509 4166 efficacia
527 4080 606 4163 Dei,
627 4079 683 4172 qui
699 4078 785 4143 idum
792 4073 958 4161 suscitarat
976 4100 996 4143 a
1009 4080 1161 4145 mortuis.

97 4172 148 4255 Et
170 4200 228 4252 uos
256 4201 323 4251 cum
348 4181 469 4253 mortui
493 4172 594 4272 effitis
618 4181 658 4249 in
682 4170 831 4265 desidiis,
855 4170 895 4253 (5
912 4181 1164 4273 propulsatione

1040 4296 1111 4347 cur·
