2400 4590
178 462 699 555 rrr'Rrrurrrcrrorrr.
732 498 944 557 cnrrrtrro¹
1002 496 1090 599 ⁵⁷¹?

29 638 129 731 quod
148 637 302 731 denique
320 641 364 713 ab
380 640 586 741 hominibus
599 640 786 714 occiditur.
836 638 895 711 Sic
912 636 946 711 dr
962 640 1093 732 pario.

29 742 75 810 tis
89 758 221 832 corpus
237 759 315 814 non
325 738 419 813 aliud
433 739 634 832 admittam,
650 758 753 829 quam
769 750 955 827 cementa,
969 758 1089 828 quarn.

29 837 128 926 saxa,
153 858 257 928 quam
271 838 411 913 lateres.
462 837 497 909 Si
513 838 592 928 quis
608 857 773 911 arcanum
786 836 931 929 aliquod
941 856 1075 929 corpur

28 937 182 1015 inducit,
209 934 392 1027 ostendat,
417 938 576 1029 revelet,
601 936 734 1029 probet
744 934 855 1029 ipsum
877 933 947 1007 csse
968 938 1090 1009 etiam-

31 1034 126 1126 qund
150 1035 335 1107 occidatur
362 1036 406 1107 ab
428 1035 599 1121 homine,
630 1034 665 1106 dr
685 1035 730 1107 de
748 1036 813 1107 illo
838 1038 906 1107 erit
925 1032 1089 1107 ditione

28 1134 114 1207 item
148 1134 320 1207 sranimae
352 1154 484 1227 corpur
516 1137 736 1227 opponitur,
770 1134 914 1207 vacabit
939 1131 1091 1221 astutia..-¹

29 1231 119 1303 Cum
138 1234 231 1304 enim
254 1244 443 1323 utrumque
464 1234 702 1325 proponitur,
729 1253 862 1325 corpus
880 1246 987 1323 atque
1002 1233 1115 1325 ann„

27 1351 121 1403 marn
139 1331 255 1403 occidi
269 1333 306 1403 in
317 1331 536 1425 gehennam,
562 1330 783 1427 distinguitur
794 1352 927 1421 corpur
943 1333 987 1405 ab
1002 1332 1092 1405 ani·'

28 1454 107 1513 ma,
145 1429 180 1501 dr
217 1432 429 1521 relinquitur
466 1431 615 1527 intelligi
647 1450 807 1523 corpus,
837 1432 873 1503 id
905 1430 1004 1521 quod
1034 1432 1094 1515 int

28 1542 200 1623 promptu
226 1528 289 1619 srt,
324 1550 410 1601 caro
428 1528 589 1617 scilicet;
619 1550 697 1619 quae
717 1528 805 1601 srcut
825 1530 1014 1611 occidetur
1036 1531 1094 1611 in:

27 1630 241 1724 gehennam,
258 1626 282 1700 fi
302 1647 379 1701 non
396 1628 504 1721 magis
520 1650 540 1699 a
554 1628 637 1700 Deo
648 1630 806 1701 timuerit
824 1629 963 1711 occidi,
978 1631 1029 1701 ita
1041 1626 1077 1699 dc

27 1725 271 1800 vivificabitur
290 1728 327 1801 in
344 1728 454 1801 vitam
468 1737 657 1817 eternam,
681 1726 706 1799 sr
722 1730 886 1800 maluerit
901 1728 945 1801 ab
962 1728 1096 1801 borni·-

27 1828 131 1899 nibus
160 1826 283 1919 potiut
308 1822 474 1899 interfici.
542 1822 697 1898 Proinde
722 1824 827 1917 siquis
856 1825 1092 1913 occisronem¹
1160 1832 1163 1837 ’

27 1926 142 1999 carnis
171 1938 279 2015 atque
306 1926 431 1999 animae
453 1925 492 1995 in
512 1923 740 2018 gehennam,
774 1925 817 1999 ad
837 1928 1021 1999 interitum
1041 1924 1076 1995 dr

26 2018 137 2097 finem
160 2026 345 2114 utriusque
368 2019 568 2097 substantie
589 2023 760 2117 arripiet:
784 2044 861 2097 non
884 2025 928 2097 ad
948 2024 1094 2117 suppli-2

26 2128 121 2195 cium
133 2122 226 2213 quasr
241 2120 580 2215 consumendarum,
598 2142 675 2196 non
691 2122 785 2213 qursr
800 2123 1090 2215 puniendarumr.

25 2222 238 2294 recordetur
260 2223 378 2315 ignem
398 2222 578 2317 gehenne.
595 2236 768 2295 aeternum
793 2224 1006 2316 predicari,
1036 2224 1088 2299 in.

24 2341 167 2414 poenam
204 2333 399 2412 eternam,
440 2320 584 2393 &inde
617 2324 852 2397 eternitatem
883 2321 1090 2395 occifionie‘·

25 2417 214 2513 agnoscat,
241 2432 433 2511 propterea
442 2420 603 2491 humane
617 2433 658 2491 ut
671 2422 861 2511 temporali
874 2424 1089 2513 praetimeri·-

24 2520 116 2592 dam.
168 2514 276 2587 Tunc
296 2516 330 2588 u
351 2530 501 2590 eternas
520 2514 726 2591 substantias
750 2517 896 2607 credet,
928 2538 1093 2608 quarum:

25 2629 160 2691 aeterna
176 2615 217 2687 srt
233 2614 367 2688 occisro
386 2616 424 2686 in
443 2634 594 2707 poenam.
645 2611 754 2685 Certe
773 2635 854 2689 cunr
872 2613 953 2706 post
967 2614 1093 2688 resur··'

24 2713 222 2791 restionem
239 2735 371 2807 corpur
388 2733 468 2787 curn
482 2714 598 2787 anima
611 2712 731 2785 occidi
748 2714 878 2785 habeat
892 2714 929 2785 in
942 2715 1077 2808 gelren·

23 2835 127 2904 nam,
156 2813 236 2885 satis
253 2815 297 2885 de
314 2828 469 2905 utroque
487 2810 685 2902 constabit,
711 2810 803 2885 &de
820 2813 951 2885 carnali
969 2809 1078 2885 resur·

23 2912 209 3002 restione,
245 2912 348 2985 &de
377 2926 509 2985 aeterna
535 2910 729 2986 occisione.
789 2908 1093 2995 Absurdiffinum,

24 3015 185 3102 alioquin
198 3010 221 3083 sr
235 3012 371 3084 idcirco
386 3008 587 3083 resuscitata
597 3030 683 3085 crro
696 3012 883 3085 occidatur
893 3011 1078 3107 ingehen·

24 3131 128 3199 nam,
153 3113 206 3183 uti
219 3106 382 3199 finiatur,
408 3109 505 3200 quod
521 3108 556 3183 dt
570 3130 649 3183 non
662 3108 864 3187 resuscitan
881 3123 1088 3204 peteretur.-

23 3210 67 3281 ln
81 3212 151 3280 noc
169 3208 301 3281 scilicet
315 3206 497 3282 reficietur
514 3228 561 3287 ne
574 3208 637 3300 lit,
662 3210 720 3280 cui
731 3230 807 3283 non
823 3206 893 3285 esse
903 3210 975 3302 iam
991 3231 1076 3281 eve-

24 3310 92 3381 nit.
143 3304 268 3381 Eidem
283 3328 353 3381 nor
364 3305 436 3401 spei
450 3306 620 3395 fulcient,
648 3307 819 3399 passerum
837 3329 982 3401 quoque
1000 3306 1089 3387 sub·-

19 3406 140 3500 jungit
160 3407 388 3498 exemplum,
429 3405 528 3497 quod
548 3434 585 3475 ex
606 3408 719 3477 danius
738 3432 803 3479 non
823 3412 912 3479 calar
933 3408 1017 3483 alter
1037 3412 1089 3479 in-

23 3527 144 3579 terram
161 3507 226 3597 fine
243 3511 304 3575 uei
322 3507 509 3575 voluman:
537 3519 577 3577 ut
597 3503 631 3577 dr
650 3526 793 3585 carnem
810 3527 887 3599 qum
903 3506 1086 3585 ceciderit.

23 3608 223 3694 interram,
248 3604 402 3698 proinde
415 3602 779 3700 credae&resurgere
792 3603 892 3697 polle
907 3626 973 3698 per
986 3609 1090 3697 ejus·—

25 3705 106 3777 dem
122 3704 193 3775 Dei
209 3707 450 3776 voluntatem.
498 3704 592 3777 Nam
613 3703 675 3777 etsr
693 3703 884 3798 passeribus
900 3707 974 3778 hoc
997 3725 1085 3789 non

22 3805 131 3893 licet,
156 3800 215 3875 sed
228 3823 296 3875 nos
314 3804 434 3875 multis
449 3799 640 3895 passeribus
655 3802 890 3895 antestamus,
916 3823 964 3875 eo
977 3804 1087 3894 quod-

22 3901 195 3974 crdenter
213 3900 441 3995 resurgamus.
494 3902 660 3996 Quorum
675 3902 831 3993 denique
850 3902 999 3994 capillos
1020 3923 1078 3977 ca·

19 4001 107 4097 pitis
130 4020 258 4073 omnes
274 4012 484 4073 numeratos
504 3996 712 4090 adfirmant,
747 3999 865 4075 salvor
882 4005 1005 4093 utique
1023 4022 1077 4074 re·

17 4101 214 4197 promittit
266 4097 448 4181 Perituros
463 4099 558 4175 eninr
569 4118 647 4189 quae
661 4100 753 4171 ratio
769 4102 807 4173 in
823 4120 1009 4177 numerum
1023 4122 1087 4177 re··

852 4196 1023 4299 degisset?
