2468 4530
134 456 210 547 560
284 454 333 555 Q.
357 448 494 525 Sarr.
520 446 661 525 Fron.
685 448 1057 525 Terruerunt

137 614 260 689 anime
280 612 478 707 vigorantis
495 632 540 683 ex
556 612 633 683 vite
648 610 787 685 Christi.
838 612 942 685 Sicut
960 614 996 685 dt
1013 612 1122 707 ipsam
1131 626 1191 689 tet·

99 714 102 719 '
135 734 212 787 ram
226 709 397 804 sanctum,
423 711 606 804 Judaicum
623 711 769 805 proprie
782 710 895 784 solum
909 730 1106 808 reputant,
1131 736 1193 787 car·

135 834 221 887 nem
243 813 365 905 potius
390 812 524 884 domini
552 810 879 905 interpretandam,
915 834 995 903 quae
1019 814 1195 887 exinde&

135 914 174 985 in
196 912 362 985 omnibus
379 908 552 983 Christum
573 910 725 1001 indutie,
760 908 874 982 sant'ta
896 910 939 984 srt
959 930 1084 1006 terra,
1118 936 1194 987 vere

134 1010 278 1102 saneta,
315 1032 378 1101 per
405 1011 601 1081 incolatum
625 1008 764 1101 spiritus
783 1008 906 1083 sandti:
943 1034 1036 1085 vere
1058 1013 1194 1088 lade&

134 1113 241 1187 melle
258 1130 429 1202 manans,
463 1130 527 1201 per
545 1106 754 1181 suavitatem
776 1108 846 1203 spei
871 1111 997 1205 ipsius:
1033 1134 1124 1187 vere
1143 1116 1194 1209 Ju-

137 1210 234 1301 daea,
250 1228 315 1303 per
330 1208 401 1281 Dei
416 1208 706 1297 familiaritatem
729 1230 805 1281 non
820 1232 916 1281 enrm
934 1212 996 1301 qui
1014 1212 1192 1287 manifesto

137 1310 279 1407 Judaeus
302 1305 361 1379 sed
377 1309 488 1399 quiin
506 1310 679 1401 occulto,
707 1323 748 1379 ut
766 1310 799 1380 &
822 1312 998 1402 templum
1015 1314 1141 1387 eadem
1159 1314 1192 1387 fit

137 1404 430 1497 &Hierusalem,
457 1406 601 1479 audiens
621 1411 664 1481 ab
683 1405 804 1501 Esaia,
831 1434 962 1502 exurge,
990 1438 1108 1507 exurge
1123 1418 1190 1485 Hir·

135 1512 286 1593 ruflrlem,
313 1508 643 1599 anduesortitudnum
669 1509 791 1577 brachii
811 1514 879 1597 rui,
911 1514 1046 1607 Exurge
1058 1516 1139 1609 ficut
1160 1520 1190 1583 in

131 1609 324 1709 primordio,
354 1603 486 1679 scilicet
507 1609 544 1681 in
563 1608 623 1679 illa
647 1608 853 1703 integritate
881 1630 951 1700 qua
973 1608 1099 1687 fuerat
1118 1626 1188 1687 ante

135 1706 301 1783 delictum
322 1708 614 1800 transgressionis.
667 1710 758 1803 Quae
778 1708 923 1782 enimin
941 1732 1022 1786 eam
1041 1710 1188 1797 Hieruse,

133 1810 206 1883 lem
225 1828 339 1879 voces
368 1806 543 1898 ejusmodi
565 1823 777 1899 competent
798 1808 1072 1885 exhortationis
1096 1812 1186 1887 &ad-

133 1907 365 1997 vocationis,
392 1927 469 1997 quae
485 1906 619 1978 occidit
639 1908 833 1999 prophetas
852 1908 887 1979 tr
904 1910 1087 2001 lapidavit
1105 1914 1145 1985 ad
1159 1910 1185 1983 se

133 2004 282 2099 missos,
324 2004 496 2097 &ipsum
524 2002 706 2097 postremo
738 2006 922 2081 dominum
958 2006 1062 2085 suum
1090 2006 1185 2085 const

135 2105 215 2179 xit?
241 2104 310 2177 Sed
332 2125 399 2175 nec
423 2106 484 2175 ulli
509 2104 658 2176 omnino
679 2119 783 2177 terre
807 2104 894 2179 salus
914 2112 1185 2203 repromittitur,

133 2226 236 2295 quarn
260 2216 453 2295 oporteret
474 2223 554 2274 curn
576 2204 690 2275 totius
710 2206 830 2277 mundi
852 2206 978 2278 habitu
1002 2214 1185 2303 praeterire.

131 2302 290 2377 Etiamsi
313 2302 389 2391 quis
414 2301 561 2375 audebit
578 2316 708 2377 terram
733 2303 880 2378 santiam
902 2310 1107 2400 paradisum
1132 2333 1184 2407 po·

132 2402 203 2475 tius
222 2402 484 2498 argumentari,
510 2423 612 2492 quam
629 2403 662 2474 tr
677 2417 815 2498 patrum
842 2406 910 2477 dici
939 2411 1082 2501 capiat,
1109 2410 1183 2483 nde

132 2501 267 2577 scilicet
291 2501 323 2573 dt
349 2498 461 2603 livre,
499 2504 652 2597 proinde
678 2506 712 2575 dt
735 2504 771 2576 in
795 2504 991 2597 paradisum
1017 2512 1183 2585 restitutio

132 2604 229 2676 carni
247 2601 428 2675 videbitur
447 2600 675 2695 repromilsa,
709 2625 785 2695 quac
804 2626 884 2677 eum
903 2608 1071 2683 incolare
1091 2611 1183 2685 &cu-

130 2702 265 2777 stodire
287 2700 413 2773 sortita
441 2701 518 2794 est,
554 2717 596 2774 ut
617 2704 696 2775 talis
723 2704 807 2775 illuc
833 2704 947 2778 homo
979 2726 1182 2803 revocetur,

131 2802 242 2895 qualis
259 2801 342 2872 inde
359 2799 475 2891 pulsus
494 2798 556 2875 est.

206 2920 262 2985 27.
297 2899 478 2972 Habemus
502 2902 608 2974 etiam
633 2898 928 2975 vestimentorum
948 2904 986 2977 in
1012 2906 1184 3003 scripturis

128 2999 350 3077 mentionem
365 2998 409 3069 ad
427 2996 522 3091 spem
541 3000 656 3071 carnis
671 3002 922 3097 allegorizare,
947 3006 1031 3095 quia
1046 3008 1184 3105 &Apo

130 3097 278 3191 calypsts
292 3093 490 3191 Johannis,
515 3102 552 3169 bi
562 3101 662 3188 sunt,
689 3101 757 3193 ait,
784 3108 839 3199 qui
851 3104 1039 3198 vestimenta
1053 3110 1114 3196 sua
1130 3131 1184 3179 nm

128 3202 422 3297 coinquinaverunt
436 3223 504 3266 cum
521 3202 719 3286 mulieribus,
746 3200 902 3297 virgines
915 3202 1055 3277 scilices
1070 3206 1183 3305 signifi·

130 3321 237 3390 cans,
268 3296 378 3392 &qui
400 3300 575 3394 lenteripfhr
599 3302 820 3397 castraverunt
842 3320 968 3397 propter
994 3333 1093 3401 regna
1108 3310 1183 3382 coeb·

129 3425 209 3473 rum.
262 3396 388 3487 ltaque
408 3398 444 3470 in
466 3398 552 3471 albis
576 3415 680 3471 erunt
702 3399 881 3491 uestibus,
909 3402 1040 3497 idest,
1068 3410 1106 3481 in
1123 3412 1182 3481 cla·

126 3500 255 3592 ritate,
282 3497 319 3569 in
336 3499 432 3572 nube
454 3501 589 3593 carnis,
617 3500 650 3571 bt
671 3502 706 3572 in
730 3502 918 3593 euangelio
940 3504 1182 3583 indumentum

125 3598 315 3689 nuptiale,
353 3598 511 3671 sanctitas
549 3604 661 3673 carnis
695 3598 837 3697 agnosci
868 3602 1001 3693 potest.
1064 3606 1183 3700 Itaque

124 3695 243 3773 Esaias
271 3698 406 3770 docens
427 3700 529 3789 quale
546 3699 718 3791 jejunium
739 3698 886 3797 elegerit
912 3702 1083 3781 dominus
1109 3728 1183 3783 curu
1210 3744 1213 3749 ·

123 3794 264 3889 subjicit
289 3796 333 3871 de
354 3798 520 3871 mercede
547 3798 743 3892 bonitatis,
778 3823 875 3888 runc,
908 3802 1051 3898 inquit,
1083 3810 1183 3879 lurum

122 3916 215 3972 ruunt
232 3915 462 3993 temporaneum
480 3918 617 3997 erumpet
634 3900 673 3976 (Ἰ
688 3901 874 3996 vestimento
889 3919 946 3972 tuo
963 3908 1062 3974 citius
1080 3918 1183 3979 orim-

122 4015 197 4082 ur,
224 4019 300 4071 non
313 3993 520 4072 subsericam
532 4000 657 4092 utique
673 4020 741 4073 nec
758 4002 923 4093 pallium,
952 4001 1011 4076 sed
1029 4028 1183 4101 carnem,

122 4099 255 4185 voleus
280 4098 394 4193 accipi
419 4112 542 4181 ortum
559 4101 674 4179 carnis
695 4098 968 4201 resurrectura,
993 4106 1041 4177 de
1060 4110 1184 4281 maprtir

698 4228 701 4235 ’
1007 4226 1077 4281 Oce
1112 4228 1137 4281 u
1226 4276 1230 4283 .
