2468 4530
103 480 179 573 698
239 478 288 577 Q.
316 474 451 551 Sarr.
476 472 619 549 Fnoa.
645 471 1024 555 Traruttraur

107 636 189 711 Pan
192 658 227 709 m
246 638 359 731 uulgo
375 640 527 727 loquens
542 632 732 711 latebrosa
739 632 906 729 perfidus
921 650 1011 712 arte

106 738 175 810 Sed
191 733 375 829 postquam
389 738 498 827 coepit
511 736 638 809 mortis
656 734 826 851 proferre
841 736 1006 835 sagittas,

106 832 281 927 Abjetlm
299 838 428 907 merito
445 850 518 907 tam
532 828 612 907 saevl
630 836 788 907 criminis
807 834 952 925 auttor

106 932 142 1007 A
163 933 285 1007 l'anctis
300 937 496 1027 reprobus:
520 934 637 1027 patuit
654 936 818 1009 mirabile
832 934 1048 1013 monstrum.

117 1096 1151 1155 (ιβ-..ξ

446 1216 816 1297 LlBERIV.

112 1346 287 1513 mHaec
306 1338 483 1431 populo]
464 1338 616 1431 juveni,
648 1341 706 1430 qui
728 1338 833 1413 dives
855 1340 954 1415 liber
971 1342 1123 1417 &hares

261 1436 413 1511 Pollidet
432 1451 599 1513 aternam
618 1438 711 1532 spem
729 1436 875 1513 laudis
859 1462 947 1533 Jure
967 1443 1124 1537 dicatam,

104 1538 195 1613 Non
213 1552 255 1610 ut
270 1535 438 1609 doctores
458 1534 575 1633 (solus
594 1540 694 1611 daret
709 1538 833 1613 omnia
845 1536 1041 1639 Christus)

105 1638 175 1711 Sed
194 1638 345 1710 famulos
365 1634 513 1729 Christi,
532 1640 636 1731 lubet
651 1636 830 1713 inviolata
846 1640 1020 1733 potestas

104 1737 246 1834 Ingenti
261 1738 344 1810 zelo
363 1734 577 1830 flagrantes,
603 1738 699 1831 pacis
719 1757 845 1811 amore

104 1836 300 1925 inmotos,
326 1836 459 1909 molem
476 1838 561 1911 belli
577 1838 754 1911 deducere
769 1852 880 1913 terrae

103 1935 905 2033 lli-celsasturresumoenlalaevamalorum

103 2038 367 2132 Surgentesque
384 2036 520 2125 minas,
546 2038 673 2130 populi
688 2050 819 2109 contra
834 2040 983 2135 agmina
1000 2038 1100 2117 sansu‘

101 2135 325 2219 Detrahere,
353 2155 483 2205 vacuas
499 2156 611 2209 voces
627 2134 820 2210 dissolvere
836 2155 972 2214 vento,

102 2239 335 2329 Quapropter
349 2234 479 2304 merito
496 2255 564 2305 nos
578 2238 824 2309 aemulamenta
838 2239 976 2332 locuti,

100 2332 210 2425 Ipsius
228 2353 271 2402 ex
293 2332 412 2403 verbis
431 2333 538 2406 etiam
558 2352 791 2407 monumenta
809 2334 932 2410 salutis

100 2432 259 2507 Nitimur
275 2435 493 2523 exprimere
520 2456 597 2524 quau
612 2437 720 2530 gratia
740 2437 837 2531 larga
851 2438 1038 2533 proludit,
1184 2466 1188 2515 l

100 2532 353 2622 Praedonisque
370 2535 506 2629 plagam
522 2534 646 2608 sanstis
663 2540 798 2627 aperire
816 2552 1026 2633 copertam,

100 2638 132 2710 Γ
136 2658 157 2705 x
175 2630 395 2727 improuiso,
421 2638 546 2724 nequis
563 2636 657 2708 rudis
666 2634 843 2727 ‚inscium
872 2638 994 2711 audax

100 2734 257 2820 Incidat,
285 2732 460 2823 &captus
478 2735 628 2807 coelestia
642 2736 739 2807 dona
752 2735 945 2826 relinquat
1179 2722 1188 2817 i

151 2856 183 2905 α.
212 2828 307 2927 Ergo
328 2832 427 2903 Deus
447 2834 582 2907 cunslis
602 2834 813 2906 mortalibus
830 2855 927 2907 unus
947 2838 1080 2931 ubique
1095 2832 1144 2925 eli,

99 2931 299 3005 Aeternum
319 2952 488 3027 regnum,
514 2934 702 3027 profundae
720 2934 809 3005 lucis
828 2938 952 3031 origo,

98 3033 196 3105 Fons
211 3034 316 3121 vita,
343 3050 452 3125 potus
478 3032 647 3129 sapientia
670 3034 837 3107 conditus
856 3036 979 3110 omni.

98 3133 254 3207 Protulit
275 3132 347 3225 ipse
366 3136 513 3227 orbem,
541 3136 640 3226 cujus
661 3135 753 3207 smus
773 3134 895 3207 omnia
913 3136 1039 3231 cingit.

97 3232 207 3306 Nulla
223 3234 319 3307 illum
338 3236 460 3329 regio,
487 3236 605 3307 nullus
625 3238 726 3307 locus
743 3232 879 3307 ambitu
892 3236 1045 3330 claudit,

97 3334 269 3409 iunones
290 3336 385 3405 nulla
403 3334 453 3405 est
472 3332 582 3423 satia,
608 3349 650 3406 ut
666 3334 707 3407 sit
722 3332 851 3424 sponte
868 3339 1056 3431 perennis,

98 3436 189 3530 Quae
205 3434 313 3507 fuerit
332 3432 487 3526 semper,
513 3437 614 3506 nullo
632 3432 726 3507 fauo
746 3446 926 3526 recreata,

96 3531 298 3624 Colorem,
323 3548 448 3625 terra,
473 3538 578 3607 maris
592 3534 793 3624 infernique
807 3534 968 3609 locator.

95 3632 265 3723 Spiritus,
299 3635 387 3705 aeris
410 3633 460 3706 est
477 3634 634 3727 divisor,
662 3633 854 3723 conditor,
882 3633 1026 3729 autlor,

93 3732 199 3803 Solus
214 3748 406 3825 perpetuus
422 3733 521 3805 Deus
538 3732 607 3821 est,
634 3732 799 3805 immensa
818 3732 992 3825 potestas.

92 3830 201 3903 llunc
217 3834 274 3905 lex
293 3832 361 3905 else
380 3835 519 3917 lleum
545 3835 684 3925 populo
702 3832 969 3905 monstraverat
984 3854 1102 3927 unum,

93 3928 202 4020 Culus
225 3954 299 4003 uox
317 3933 409 4006 Mon
424 3935 588 4024 pollens
579 3954 616 4004 in
634 3946 760 4006 monte
778 3932 904 4005 locuta
923 3932 985 4006 est.

91 4025 188 4100 Illius
204 4033 279 4102 llaec
295 4035 409 4103 iirtns
418 4030 650 4125 ‚sapientia,
677 4030 815 4125 gloria,
842 4033 1012 4125 verbum,

86 4124 198 4209 lilius
211 4130 382 4207 immenso
400 4148 558 4231 gemtum
573 4133 618 4207 de
635 4131 767 4207 himine
783 4134 921 4227 lumen,
1036 4228 1061 4303 Ρ
1191 4152 1196 4191 ι

161 4272 166 4293 ·
1062 4246 1097 4301 er
1191 4294 1196 4314 Ι

1191 4318 1200 4383 l
