2400 4590
73 408 275 611 §ill-'⁸
221 480 283 605 Q
295 500 433 591 Sara.
455 497 602 635 Ftpp„
571 408 1002 585 Tanarum„

75 665 241 749 Hebioni
255 644 432 757 Chtistum
445 660 610 739 sumere
622 660 758 755 senine
766 674 989 759 mnan,

75 766 130 845 lit
143 762 350 843 circumcidi
365 742 523 857 docuit,
535 762 681 863 legique
691 780 908 855 vacare,

77 862 260 943 romnus
273 860 395 939 amidis
413 862 591 941 elementa
606 848 966 961 ιειῑιιιιιειειερῐᾙΙ

79 962 294 1043 Extremum
310 961 448 1051 lemnus
462 962 586 1037 verlilr
593 960 799 1049 extendere
815 958 1018 1055 nolo,

79 1062 161 1141 Aut
178 1082 305 1139 omnen
320 1058 486 1155 causas,
484 1060 711 1155 autmomina
724 1060 848 1135 dicero
862 1054 1015 1139 euntia

80 1160 146 1241 Est
162 1182 342 1259 perpauca
355 1158 437 1235 ntis
454 1148 613 1237 crudelia
622 1162 736 1239 multa
747 1172 901 1254 notare,
1058 1172 1063 1183 '

68 1260 327 1367 ‘Infandosque
339 1260 526 1355 homines,
551 1274 660 1355 atque
674 1280 810 1357 organa
824 1256 929 1335 seva
946 1256 1124 1351 dranum

80 1360 264 1455 Perquoa
281 1358 380 1435 ιιιιιιι
398 1374 537 1435 tantum
555 1356 696 1435 sceleris
712 1360 786 1435 line
803 1356 902 1433 teste
917 1356 1061 1451 locuti,

83 1460 191 1557 Semp
171 1380 416 1535 fauoreme'r
432 1446 556 1535 mundi
574 1456 720 1553 culpare
734 1458 947 1533 laborant:

77 1622 80 1633 .
136 1576 170 1647 ε.
167 1484 262 1635 pSed
279 1572 457 1635 revocate
472 1558 633 1677 pedpm
618 1554 702 1633 iovi
715 1554 867 1633 latronia
886 1558 941 1635 ab
958 1566 1088 1653 antro,

83 1660 184 1739 Dum
197 1658 346 1757 spatium
361 1658 487 1753 detur,
509 1658 547 1733 dc
560 1659 700 1755 patiens
708 1659 852 1773 pietate
862 1658 1068 1753 perennis,

83 1758 204 1837 liade
199 1778 274 1855 ρει
289 1778 451 1835 errorem
468 1756 601 1837 miseris
615 1756 716 1833 Dcur
730 1758 853 1833 omnia
863 1755 1038 1833 donat·

41 1892 44 1897 >
86 1860 234 1935 Credite
257 1876 352 1933 vero
367 1856 463 1933 Patri
481 1874 613 1953 vero,⁸
623 1878 684 1952 qur
673 1854 864 1933 condidit
884 1856 1088 1951 orbem,

79 1960 228 2035 Verum
246 1980 307 2053 qur
295 1944 510 2075 dominun
521 1958 614 2033 misit
630 1976 813 2033 renovare
826 1954 981 2033 urinam

85 2056 285 2154 Inparibus
302 2046 393 2155 legi,
418 2057 558 2153 peccati
574 2058 614 2131 in
630 2057 768 2155 grugite
780 2052 923 2150 mendo,

86 2156 158 2233 Per
173 2162 278 2229 vates
298 2158 385 2231 olim
402 2154 604 2251 promissam
619 2154 749 2229 afferre
766 2154 813 2228 sal
813 2168 931 2230 utem.

87 2258 192 2431 FQui
181 2254 347 2329 mandata
363 2254 480 2345 dedit,
507 2255 567 2328 hic
584 2254 620 2328 u
634 2269 785 2347 peccata
800 2255 973 2330 remittit.
1107 2338 1110 2342 ,

123 2354 212 2449 xigit
227 2353 287 2424 hic
301 2354 432 2444 aliquid
448 2356 600 2448 merito,
626 2376 709 2447 quia
719 2353 875 2426 credidit
895 2368 1006 2442 ante,

88 2453 169 2530 Aut
186 2452 298 2526 donat
313 2454 409 2549 large
427 2453 626 2546 Dominus,
653 2455 746 2547 quafi
765 2453 887 2526 debita
901 2406 1041 2528 servis.

89 2552 262 2645 Denique
271 2551 468 2628 'conclusos
485 2557 665 2648 populos,
688 2572 901 2648 ponamque
921 2564 1114 2628 merentea

90 2651 247 2729 Deledo
268 2655 391 2751 elogio
410 2654 557 2729 cuntios
574 2655 677 2747 jubet
695 2652 767 2749 ipse
787 2652 916 2727 lavari.

54 2776 57 2781 ’
144 2777 177 2848 9.
200 2751 299 2850 Ergo
314 2767 414 2826 totus
429 2755 542 2828 homo
561 2754 696 2845 credit,
723 2765 898 2843 totusque
915 2753 1086 2830 lavatur.

73 2851 282 2945 abstinet,
309 2866 370 2925 aut
390 2855 524 2948 patitur
544 2873 613 2948 pro
633 2855 780 2926 nomine
804 2853 962 2926 vulnera
984 2874 1099 2949 vere,

94 2953 215 3024 Verus
230 2948 338 3047 surgit
357 2953 490 3045 homo,
512 2972 600 3026 vere
615 2964 714 3026 mom
726 2950 821 3024 vitia
836 2949 979 3041 silebit3

93 3049 165 3123 Sed
179 3070 256 3121 non
272 3071 352 3142 pars
370 3052 524 3126 hominis
545 3052 685 3145 anima,
711 3049 771 3124 sua
785 3064 886 3146 parte
904 3051 1054 3147 relicta,

93 3149 274 3243 Percipiet
289 3150 458 3243 palmam,
485 3151 580 3224 socia
595 3172 699 3244 quam
716 3171 823 3231 carne
838 3150 1018 3225 laborans

48 3294 50 3303 ·
93 3247 139 3324 In
156 3247 267 3321 stadio
289 3247 445 3342 lutlata,
473 3250 571 3323 simul
592 3249 780 3344 conJundia
802 3263 976 3325 meretur.

97 3347 246 3421 Grande
262 3347 382 3441 nefas,
408 3364 556 3444 portare
574 3350 665 3423 duos
683 3371 746 3443 per
761 3351 909 3422 vincula
924 3353 1096 3447 pondus,

97 3452 268 3622 &uorum
286 3449 328 3521 lit
342 3449 506 3543 locuples
524 3472 637 3543 unus,
663 3463 769 3565 atque
786 3451 875 3521 alter
891 3471 1066 3545 egenus;

132 3546 325 3622 tmiserum
339 3545 475 3644 sperni,
508 3550 606 3625 felici
620 3550 767 3644 proemia
781 3548 899 3623 reddi:

97 3646 190 3720 Non
208 3644 297 3719 facit
310 3646 531 3743 hocJustua,
557 3650 729 3725 mercedis
747 3647 908 3722 redditor
923 3669 1071 3747 aequus,

97 3745 149 3821 Et
165 3749 309 3840 bonus,
337 3747 487 3821 &dives
499 3770 644 3841 ,quem
661 3744 874 3838 credimus,’
884 3749 1015 3823 omnia
1030 3748 1125 3848 polla

98 3845 256 3919 Suavis
245 3867 283 3918 m
288 3848 460 3963 ingratos
480 3847 662 3923 miserendi
680 3850 785 3941 plena
804 3849 992 3922 voluntas.

101 3947 201 4043 Quin
215 3945 359 4041 potius,
387 3949 445 4020 cui
461 3949 574 4041 major
589 3948 678 4022 inest
693 3947 853 4022 mortalis
872 3947 1030 4045 egestas,

100 4045 209 4119 Pollit
226 4059 268 4117 ut
284 4049 433 4142 aequari,
459 4047 560 4120 socio
573 4050 760 4144 praelatus,
782 4049 819 4121 id
836 4049 937 4123 ultro

103 4143 289 4241 Quidquid
303 4161 407 4245 eget,
431 4148 558 4225 tribuit
572 4150 756 4245 locuples:
780 4148 829 4224 lic
843 4150 994 4227 credere
1004 4150 1125 4247 julium

179 4268 194 4309 ⁹
1037 4252 1119 4327 Nec
