2400 4590
110 518 185 599 192
259 500 307 600 Q.
332 494 467 569 Scrr.
492 492 632 613 Fron.
655 491 1019 568 Trnrutcrsur

112 660 195 737 dem
212 654 419 745 idololatria
437 654 613 749 sepiffime
627 654 785 731 moecltic
798 652 1026 729 occasionem
1043 652 1173 731 subni-

112 758 236 835 nistre.
273 754 400 829 Sciunt
414 755 487 827 luci
499 756 570 829 mei
586 756 622 829 dr
636 756 705 829 mei
717 769 880 847 montes,
896 753 1040 828 &viva
1054 776 1171 851 aque,

114 856 257 955 ipsaque
281 856 319 929 in
340 854 487 927 urbibus
509 858 662 948 templa,
695 868 864 945 quantum
882 855 1090 929 evertendo
1104 876 1174 951 pu·

113 957 243 1033 dicitiae
266 974 511 1047 procuremus.
561 952 641 1049 Ego
665 973 809 1045 quoque
828 953 1057 1027 homicidium
1078 976 1175 1027 non·

111 1076 291 1148 nunquam
315 1056 464 1127 moecbia
483 1055 644 1127 elaboro.
706 1052 760 1124 Ut
783 1052 966 1149 tragoedias
988 1056 1171 1148 omittam,

113 1155 227 1231 sciunt
244 1154 354 1228 bodie
377 1154 585 1241 venenarii,
611 1150 726 1225 sciunt
739 1154 851 1247 magi,
877 1166 969 1244 quot
982 1153 1172 1245 pellicatus

112 1252 287 1346 ulciscar,
314 1267 406 1345 quot
423 1254 620 1325 rivalitates
645 1250 852 1343 defendam,
879 1266 971 1345 quot
988 1250 1170 1346 custodes,

115 1368 208 1449 quot
225 1354 425 1443 delatores,
440 1367 531 1442 quot
544 1350 709 1425 conscios
722 1349 888 1426 auferam.
922 1349 1048 1424 Sciunt
1061 1351 1175 1429 etiam

117 1453 356 1543 obstetrices,
396 1467 489 1543 quot
519 1451 670 1523 adulteri
702 1464 904 1543 conceptus
933 1451 1172 1531 trucidentur.

113 1554 234 1629 Etiam
255 1552 348 1645 apud
368 1549 588 1623 Christianos
608 1572 683 1623 non
708 1548 759 1622 est
782 1549 932 1623 moechia
950 1549 1023 1625 srne
1041 1551 1174 1643 nobis;

115 1652 247 1729 ibidem
263 1649 343 1724 sunt
357 1650 590 1742 idololatris,
612 1650 675 1723 ubi
691 1649 861 1723 immundi
874 1646 1015 1744 spiritus
1029 1670 1089 1725 res
1101 1650 1173 1727 esta

116 1753 248 1828 ibidem
263 1749 313 1823 est
325 1750 612 1840 &homicidium
620 1751 681 1824 ubi
696 1749 824 1842 homo,
833 1770 942 1841 quum
952 1748 1174 1849 inquinatur,

117 1851 306 1927 occiditur.
357 1848 471 1944 Igitur
484 1864 546 1923 aut
560 1870 630 1923 nec
644 1851 713 1924 illis
734 1864 796 1921 aut
815 1850 1042 1923 etiamnobis
1064 1852 1176 1943 poeni·

116 1952 240 2026 tentiae
253 1946 399 2022 subsidia
409 1949 641 2025 convenient.
692 1948 769 2020 Aut
780 1948 980 2023 detinemus
994 1964 1177 2047 eam-aut

116 2050 304 2144 sequimur.
354 2047 443 2123 Haec
454 2046 534 2141 ipse
550 2068 606 2121 res
622 2049 830 2140 loquuntur.
880 2048 915 2121 Si
931 2070 989 2123 res
1003 2042 1101 2123 voce
1114 2048 1177 2125 de·

117 2148 269 2241 ficiunt,
310 2147 438 2221 adsistit
467 2146 709 2241 idololatres,
743 2146 872 2221 adnuit
893 2147 1102 2244 homicida,
1137 2151 1177 2229 in

117 2249 239 2325 medio
262 2267 390 2320 eorum
414 2245 542 2319 adfistit
561 2246 597 2319 u
618 2247 787 2322 moechus.
846 2246 982 2320 Pariter
1001 2248 1046 2321 de
1064 2252 1176 2341 poeni·

118 2349 242 2423 tentia
256 2344 378 2419 officio
389 2343 511 2418 sedent
524 2346 561 2419 in
576 2345 702 2440 sacco,
728 2346 896 2419 &cinere
909 2347 1175 2443 inhorrescunt,

119 2448 248 2522 eodem
273 2445 361 2519 flatu
389 2444 612 2542 gemiscunt,
650 2446 783 2523 eisdem
808 2448 973 2539 precibus
999 2448 1176 2543 ambiunt,

119 2547 251 2621 eisdem
276 2545 422 2643 genibus
448 2560 622 2641 exorant,
648 2547 795 2621 eandem
814 2547 991 2619 invocant
1013 2563 1176 2625 matrem.

121 2647 220 2750 Quid
239 2646 309 2743 agis
329 2644 524 2721 mollissima
543 2645 579 2718 u
597 2646 836 2723 humanissima
854 2644 1065 2741 disciplina?
1094 2647 1177 2721 Aut

120 2748 285 2821 omnibus
299 2748 349 2819 eis
364 2747 437 2820 hoc
452 2744 521 2819 esse
536 2747 702 2821 debebis:
728 2751 824 2821 Beati
837 2773 920 2818 enam
934 2754 1063 2842 pacifin'.
1097 2745 1177 2821 Aut

118 2849 232 2922 srnon
249 2846 436 2936 omnibus,
456 2845 578 2919 nostra
597 2846 676 2923 esse.
729 2848 960 2921 idololatram
981 2847 1124 2937 quidem
1141 2846 1179 2921 dt

118 2946 332 3018 homicidam
353 2942 458 3017 semel
481 2945 646 3039 damnas,
678 2948 855 3021 moechum
879 2968 972 3018 vero
991 2947 1177 3020 demedio

120 3042 281 3138 excipis?
315 3042 517 3115 idololatra
537 3040 795 3136 successorem,
820 3047 1007 3121 homicide
1020 3044 1180 3119 anteces-

118 3142 254 3229 sorem,
279 3142 465 3232 utriusque
480 3143 664 3239 collegam.
716 3144 878 3219 Persona
890 3147 1093 3241 acceptatio
1108 3142 1177 3240 est,

120 3239 391 3318 miserabiliores
407 3242 633 3333 poenitentias
645 3244 826 3336 reliquisti.

195 3347 230 3418 ό.
256 3334 365 3415 Plane
384 3341 408 3414 sr
431 3340 595 3416 ostendas
613 3346 657 3418 de
679 3347 806 3438 quibus
826 3344 1036 3439 patrociniis
1058 3364 1180 3417 exem-

121 3444 284 3538 plorum,
315 3454 650 3536 preceptorumque
671 3444 882 3537 coelestium,
912 3442 977 3518 soli
1003 3444 1179 3536 moechiae,

122 3544 214 3617 &in
234 3564 276 3618 ea
298 3540 533 3616 somicationi
549 3564 695 3635 quoque
708 3546 850 3637 januam
874 3538 1095 3637 penitentie
1115 3564 1181 3615 err·

119 3642 277 3738 pandas,
310 3642 354 3716 ad
379 3642 472 3715 hanc
495 3642 566 3735 jam
589 3645 718 3718 lineam
743 3645 924 3718 dimicabit
944 3643 1066 3718 nostra
1089 3662 1184 3716 con·

119 3742 256 3836 greffio.
306 3737 528 3817 Pruscribam
549 3755 667 3816 tamen
688 3744 754 3816 tibi
775 3744 928 3818 formam
949 3740 1088 3817 necesse
1111 3740 1182 3836 est,

119 3860 167 3913 ne
188 3842 232 3913 ad
253 3858 379 3917 vetera
397 3862 539 3915 manum
557 3845 725 3935 emittas,
756 3864 803 3916 ne
822 3844 858 3916 in
882 3860 984 3939 terga
1001 3842 1183 3936 respicias.

118 3938 257 4015 Vetera
270 3946 363 4016 enirn
380 3944 597 4016 transierunt
608 3939 799 4016 secundum
814 3940 968 4035 Esaiam,
990 3943 1186 4017 &novata

120 4037 258 4130 estjam
281 4044 435 4115 novatio
456 4040 646 4116 secundum
665 4043 899 4127 Hieremiam
934 4044 968 4116 dr
990 4045 1096 4117 obliti
1115 4064 1185 4136 po·

119 4136 354 4220 seuerumin
367 4142 715 4243 priaraporriginu
731 4141 923 4227 secundum
937 4142 1184 4319 AP⁰st⁰¹gffli
