2400 4590
109 536 177 623 138
238 529 285 629 Q.
310 526 447 605 Sara.
470 524 615 605 Fron.
638 524 1005 604 Trarurararrr

104 708 187 763 rum
196 689 357 782 iamnon
370 686 627 782 duofiplurer.
670 666 862 767 Stetitiex.
904 688 1167 784 Deniquepen

107 788 289 865 severavit
299 788 390 863 unio
407 790 565 885 coniugii
578 790 617 863 in
638 790 824 863 autonhua
841 792 980 886 generis
997 784 1179 867 adfinem

105 908 240 982 usque,
272 906 351 963 non
370 888 453 981 quia
473 908 551 962 non
572 901 676 963 erant
698 887 838 963 femina
859 890 960 981 aiiae,
998 888 1058 962 sed
1081 890 1165 980 qtrit

105 989 192 1065 ideo
218 1006 296 1062 non
321 1002 424 1063 erant
441 1020 469 1080 ,·
486 1010 535 1063 ne
552 990 716 1087 primitia
736 988 875 1085 generis
895 987 1025 1082 duplici
1044 987 1165 1063 matri·

105 1087 233 1163 monio
249 1088 588 1165 contaminarentur.
638 1086 811 1181 Alioquin
824 1088 848 1161 sr
862 1086 963 1161 Deus
975 1086 1161 1181 voluiffet,

106 1186 178 1261 eise
198 1184 412 1281 potuiiient:
444 1202 545 1263 corte
568 1188 613 1261 de
634 1184 786 1261 filiarum
811 1184 950 1262 suarum
972 1188 1164 1261 numerori-

103 1298 181 1363 tate
201 1284 412 1380 sumpsriiet,
438 1307 515 1361 non
530 1288 647 1360 minus
662 1308 708 1360 ex
728 1288 857 1363 offibus
871 1286 906 1360 dc
920 1308 965 1360 ex
979 1306 1085 1359 carne
1098 1286 1160 1363 sua

104 1384 507 1478 habensr2vam,s1hoc
524 1389 582 1483 pie
595 1383 712 1461 fieret
746 1385 799 1458 At
812 1388 874 1461 ubi
885 1387 1037 1481 primum
1048 1385 1162 1459 scelus

105 1485 336 1563 homicidium
351 1486 389 1557 in
402 1483 598 1561 fratricidio
617 1485 837 1577 dedicatum,
863 1500 935 1561 tarn
953 1486 1096 1580 dignum
1110 1482 1162 1557 se·

105 1586 228 1661 cundo
243 1587 331 1659 loco
347 1583 459 1661 scelus
477 1608 554 1661 nou
571 1586 662 1680 fuit,
688 1606 793 1679 quam
809 1586 887 1659 due
899 1587 1045 1679 nuptia.
1086 1583 1162 1661 Ne·

104 1706 177 1781 que
198 1688 292 1761 enirn
312 1684 426 1758 refert
449 1684 536 1759 duas
559 1686 638 1777 quir
659 1704 792 1759 uxorea
813 1686 962 1785 singular
983 1684 1163 1778 habuerit,

104 1806 150 1860 an
162 1784 297 1878 pariter
312 1785 451 1882 inguim
467 1785 552 1860 duas
563 1784 730 1862 iecerint.
779 1782 877 1859 idem
890 1804 1059 1859 numerus
1075 1804 1165 1857 con·

100 1882 307 1980 iunctorum
324 1884 364 1959 tr
380 1882 631 1979 separatorum.
688 1885 806 1959 Semel
829 1896 949 1959 tanen
972 1884 1048 1959 uirn
1069 1880 1166 1975 pant

103 1982 281 2061 institutio
300 1982 372 2059 Dei
390 2005 456 2075 per
473 1984 651 2076 Lamech,
672 1982 832 2058 constitit
849 1982 975 2078 postea
997 1984 1034 2056 in
1051 1978 1164 2061 finem

102 2104 219 2175 usque
236 2083 351 2180 gentio
368 2083 473 2161 iliius.
522 2082 706 2157 Secundus
720 2084 879 2159 Lamech
893 2085 1011 2157 nuilus
1025 2082 1163 2176 extitit,

73 2266 78 2274 ¹
105 2182 295 2275 quomodo
307 2182 444 2257 duabus
453 2183 658 2271 maritanas3
674 2194 783 2279 negat
795 2181 966 2277 scriptura
980 2181 1166 2273 quodnon

33 2368 40 2383 ¹
102 2294 221 2359 notat.
265 2283 356 2357 Alia
368 2282 540 2357 diluvium
550 2282 755 2375 iniquitates
767 2294 1091 2377 provocaverunt,
1110 2278 1163 2355 se

101 2381 176 2459 mel
189 2380 339 2455 defensae
351 2381 616 2476 qualescunque
631 2381 791 2474 fuerunt,
804 2394 1012 2455 nontamen
1024 2378 1164 2473 septua-

102 2483 179 2579 gies
198 2478 348 2575 septies:
375 2480 475 2574 quod
492 2480 566 2555 duo
581 2481 807 2557 matrimonia
822 2494 1041 2556 meruerunt
1088 2480 1164 2553 Sed

104 2581 376 2657 &reformatio
403 2578 546 2656 secundi
568 2583 706 2679 generis
733 2580 898 2675 humani,
935 2579 1165 2675 monogamia

102 2694 219 2759 matre
241 2680 415 2756 censetur.
464 2678 601 2755 lterum
623 2679 698 2755 duo
721 2680 778 2854 ig]
799 2700 907 2756 unam
926 2699 1068 2754 carnem
1083 2698 1163 2751 cre-

104 2779 204 2856 scere
225 2780 475 2855 &redundare
495 2779 702 2879 suscipiunt,
768 2801 816 2854 oe
837 2780 999 2871 texor,
1025 2774 1164 2870 filiique

103 2877 251 2972 eorum]
270 2881 307 2954 in
320 2880 435 2953 unicis
453 2879 599 2974 nuptiis.
649 2879 768 2955 Etiam
787 2881 823 2952 in
847 2880 928 2971 ipsis
952 2877 1162 2951 animalibus

101 2979 331 3073 monogamia
349 2976 642 3073 recognoscitur,
666 2999 712 3051 ne
730 2978 792 3052 vei
811 2976 931 3053 bestia
947 2978 992 3051 de
1011 2976 1165 3056 mechir

101 3074 351 3170 nascerentur,
375 3100 416 3151 ex
429 3076 594 3164 omnibus,
623 3077 758 3175 inquit,
790 3076 887 3174 hestiis
908 3102 948 3150 ex
962 3083 1050 3148 enni
1063 3099 1163 3152 carne

101 3178 162 3253 duo
176 3180 302 3250 indum
314 3182 351 3247 in
363 3200 485 3269 arcein,
502 3192 542 3249 ur
554 3180 680 3251 uiuant
692 3193 794 3250 tecum
806 3177 956 3267 masculus
969 3176 1010 3255 0·
1017 3176 1160 3266 femina.

100 3292 199 3355 erunt
212 3277 249 3349 de
264 3278 457 3351 animalibus
468 3276 653 3349 volatilibus
659 3277 828 3371 seeundum
839 3300 950 3370 genus,
964 3277 1047 3357 &de
1057 3280 1164 3348 omni.

100 3378 159 3453 ias
167 3376 365 3475 stupentibus
379 3393 472 3451 terra
479 3376 648 3469 fannium
656 3400 757 3473 genus
771 3376 918 3474 ipsorum:
938 3379 997 3449 duo
1010 3402 1049 3449 ue
1060 3382 1164 3449 omui·

102 3478 161 3551 ius
174 3477 356 3551 introibunt
369 3479 410 3548 ad
428 3494 479 3564 re,
504 3476 706 3559 mumius&
716 3476 863 3570 femina,
895 3477 1019 3551 eadem
1042 3475 1163 3573 forma

102 3576 139 3653 dt
159 3575 305 3677 septena
323 3598 370 3653 ex
391 3577 485 3653 binio
508 3577 620 3751 adlegi
636 3578 781 3652 mandat
801 3598 848 3650 ex
872 3574 1029 3651 masculo
1053 3574 1090 3651 dt
1108 3576 1163 3651 fe-

100 3676 215 3771 mina,
247 3697 323 3753 uno
343 3676 378 3751 ἀ
395 3696 487 3769 una,
521 3676 581 3769 qui
625 3676 774 3773 amplius
796 3675 939 3749 dicami
970 3676 1164 3751 immundis

69 3784 74 3805 ¹
101 3794 249 3871 quoque
263 3778 403 3856 alitibus
420 3797 501 3852 euru
515 3777 608 3851 binis
619 3775 762 3852 feminis
774 3775 926 3850 introire
936 3795 1014 3848 non
1027 3777 1143 3855 licuit.

173 3894 208 3961 s.
241 3876 329 3951 Hac
342 3890 513 3971 quantum
531 3876 576 3951 ad
595 3874 873 3969 primordiorum
893 3874 1163 3969 testimonium,

101 3968 138 4047 dt
165 3972 311 4068 originis
339 3974 471 4051 nostre
500 3973 771 4070 patrocinium,
810 3974 846 4047 dt
871 3974 1002 4049 divinae
1023 3975 1164 4049 institu.

100 4071 211 4147 tionis
235 4074 506 4167 praeiudicium,
537 4094 615 4166 qua
638 4074 765 4166 utique
786 4074 845 4148 lex
870 4072 949 4168 est,
981 4094 1060 4149 non
1082 4094 1164 4149 mo·

100 4169 323 4269 amentum
337 4173 507 4281 quouiuu
518 4174 545 4257 u
555 4174 608 4259 ita
618 4171 750 4259 auio
764 4171 818 4257 est
832 4194 853 4256 a
869 4173 1093 4288 primordio,
1109 4176 1164 4257 iu·

1006 4292 1110 4359 Veni·
