2400 4590
108 531 177 616 248
273 521 319 618 Q.
345 510 992 592 SnnT.Fton.Ttnnutt1nn1

106 696 210 759 trem.
259 678 401 765 Porro,
425 675 451 751 fi
472 673 544 771 ipse
564 697 629 751 ero
646 676 731 771 quid
750 698 894 753 eorum:
916 680 989 773 jam
1007 695 1085 750 non
1101 674 1165 749 ha·

106 785 202 876 beo,
229 778 328 873 quod
344 772 417 872 ipse
440 796 523 864 ero;
553 798 622 850 nec
638 791 801 871 patrem,
831 782 911 869 quia
930 776 1002 873 ipse
1021 796 1085 849 ero
1104 796 1167 869 pa·

107 894 186 972 ter3
211 900 280 954 nec
294 874 423 968 filium,
449 878 530 967 quia
541 876 615 970 ipse
626 897 691 950 ero
706 876 809 951 filius.
862 878 1087 969 inquantum
1105 896 1168 949 au·

107 996 182 1057 tem
203 980 354 1053 aiterum
376 998 422 1049 ex
446 976 500 1048 his
523 976 654 1051 habere
676 974 895 1151 (habendoss
917 1000 975 1049 me
996 990 1164 1069 oportet,

107 1082 257 1157 alterum
277 1076 365 1153 effe:
398 1076 438 1149 In
461 1088 599 1150 tantum
617 1077 641 1149 si
657 1092 846 1167 utrumque
889 1097 986 1165 tem,
1014 1078 1166 1150 alterum

106 1198 185 1256 non
212 1200 305 1272 ero,
339 1175 422 1249 dutn
445 1176 594 1249 alterum
620 1197 698 1249 non
721 1177 850 1250 habeo,
910 1176 946 1247 Si
975 1175 1068 1247 enim
1091 1174 1165 1267 ipse

107 1300 176 1355 ero
199 1275 313 1369 filius,
340 1276 400 1367 qui
421 1274 594 1368 &patert
623 1278 694 1368 jann
715 1296 791 1348 non
812 1277 928 1348 habeo
951 1274 1080 1357 filium,
1106 1272 1167 1347 sed

107 1377 183 1477 ipse
208 1375 280 1451 siun
302 1372 407 1449 filius.
466 1374 555 1449 Non
580 1376 745 1449 habendo
770 1390 888 1448 autem
911 1372 1046 1466 filium,
1081 1376 1167 1449 dum

56 1532 63 1567 .,
108 1476 182 1571 ipse
203 1476 274 1550 sum
300 1474 414 1565 fitius,
442 1474 628 1566 quomodo
656 1488 756 1569 pater
778 1472 869 1548 ero?
905 1474 1050 1548 Habere
1071 1476 1168 1547 enirn

108 1573 222 1653 filium
236 1576 386 1671 debeo,
419 1587 461 1645 ut
482 1587 583 1667 pater
602 1573 674 1650 sim.
734 1572 823 1647 Non
850 1572 922 1646 suin
948 1594 1034 1670 ergo
1055 1571 1165 1663 filius,

110 1678 193 1771 quia
213 1688 351 1769 patrem
373 1694 449 1745 non
471 1673 612 1765 habeo,
639 1673 698 1769 qui
719 1672 806 1747 facit
822 1670 944 1747 filium.
992 1672 1122 1766 Aeque
1141 1672 1167 1747 ss

96 1763 183 1870 'ipse
197 1774 270 1848 suin
287 1787 410 1867 pater,
438 1774 497 1863 qui
514 1770 678 1865 titilius,
702 1774 773 1865 jain
787 1794 865 1847 non
879 1774 996 1848 habeo
1012 1786 1166 1868 patrem,

110 1874 171 1950 sed
197 1874 269 1967 ipse
298 1872 370 1945 sum
397 1886 508 1967 pater.
559 1872 650 1946 Non
675 1874 840 1946 habendo
868 1888 984 1945 antem
1013 1888 1167 1965 patrem,

112 1974 196 2049 dum
218 1972 289 2067 ipse
314 1970 386 2044 sum
411 1985 538 2065 pater,
571 1971 758 2063 quomodo
780 1970 871 2046 filius
897 1972 988 2045 croi
1022 1970 1169 2045 Habere

112 2072 207 2147 enim
227 2086 365 2165 patrem
389 2069 536 2162 debeo,
568 2084 611 2143 ut
629 2067 722 2143 filius
748 2072 819 2146 sim.
876 2072 966 2144 Non
988 2091 1076 2167 ergo
1102 2089 1168 2143 eto

111 2166 468 2270 pater‚1·quiafilium
480 2190 556 2242 non
571 2171 711 2265 habeo,
732 2174 791 2263 qui
810 2170 897 2245 facit
912 2184 1067 2265 patrem':
1096 2170 1170 2244 hoc

111 2272 181 2342 erit
199 2282 318 2340 totuin
342 2268 526 2364 ingenium
546 2269 700 2363 diaboli,
734 2273 881 2343 alterum
906 2292 951 2343 ex
973 2272 1087 2341 altero
1111 2290 1170 2343 ex·

112 2366 279 2459 cludere,
306 2366 390 2441 dum
412 2381 602 2461 utrumque
624 2370 660 2442 in
677 2391 788 2442 unuin
809 2368 871 2442 sub
886 2369 1105 2443 monarchia
1122 2368 1170 2443 ia·

24 2466 28 2477 '
111 2486 208 2539 vore
226 2466 469 2560 concludens,
503 2482 667 2541 neutrum
693 2470 814 2543 haberi
838 2471 936 2545 facit.
986 2470 1094 2542 Ut&
1113 2491 1171 2563 pa-

111 2578 169 2641 ter
184 2566 335 2659 nonsit,
353 2568 411 2659 qui
425 2567 559 2642 scilicet
571 2565 683 2643 filium
697 2591 773 2642 non
789 2572 917 2660 habet3
937 2566 1078 2642 &filius
1094 2590 1172 2642 non

111 2664 178 2758 fit,
206 2668 265 2757 qui
289 2687 389 2760 aeque
410 2682 545 2763 patrem
565 2688 642 2741 non
664 2669 782 2745 habet.
831 2670 929 2743 Dum
954 2669 1048 2743 enim
1067 2683 1171 2759 pater

113 2762 185 2857 est,
203 2764 295 2839 filius
313 2788 389 2839 non
407 2770 484 2843 erit.
534 2768 593 2841 Sic
607 2770 850 2843 monarchiam
863 2784 1011 2859 tenent,
1027 2770 1084 2860 qui
1103 2788 1173 2841 nec

112 2876 251 2957 patrem
267 2886 336 2938 net
357 2863 468 2938 filium
488 2868 689 2942 continent.
722 2867 792 2941 Sed
810 2870 896 2943 nihil
912 2869 997 2941 Deo
1017 2866 1171 2943 difficile.

113 2962 206 3059 Quis
223 2964 296 3036 hoc
313 2962 462 3038 nesciat:
490 2964 735 3062 &imptffibilia
750 2971 831 3063 npud
841 2971 993 3059 seculum,
1019 2965 1174 3059 paeffibilia

114 3060 208 3153 apud
226 3061 346 3134 Deum
364 3065 441 3153 quis
464 3063 632 3159 ignoret?
665 3067 700 3139 δι
711 3066 811 3163 stulta
831 3071 944 3139 mundi
963 3071 1052 3161 elegit
1069 3070 1173 3152 Deus,

111 3162 152 3229 itt
175 3159 348 3251 confundat
366 3160 533 3257 fitpimtia.
585 3164 751 3261 Legimus
776 3168 905 3242 omnia.
967 3166 1093 3263 Ergo,
1121 3168 1174 3238 in-

114 3258 261 3351 quiunt,
288 3257 428 3335 difficile
449 3283 525 3335 non
544 3263 613 3337 fuit
627 3264 730 3339 Deo:
752 3268 863 3359 ipsum
880 3266 914 3339 se
935 3266 1124 3358 &patrem
1139 3266 1175 3339 ἃ

113 3355 226 3433 filium
248 3358 394 3455 iacere,
430 3361 596 3437 adversus
618 3367 781 3440 traditam
804 3368 956 3440 sormam
978 3369 1084 3437 rebus
1108 3368 1175 3439 hu·

112 3459 238 3533 manis.
286 3458 381 3532 Nam
399 3462 433 3534 &
449 3462 601 3537 sterilem
615 3488 740 3559 parete
757 3482 885 3539 contra
898 3481 1082 3555 naturam,
1110 3464 1176 3539 dif-

113 3552 210 3631 ficile
231 3558 317 3633 Deo
340 3580 416 3633 non
437 3560 524 3652 fuit,
551 3564 638 3637 ficut
660 3588 727 3639 nec
749 3567 937 3661 virginem.
990 3564 1098 3637 Plane
1122 3566 1177 3637 ni·

111 3654 165 3731 hil
183 3656 267 3731 Deo
291 3654 430 3732 difficile
453 3658 547 3736 senfi.
600 3662 693 3739 Tam
709 3667 860 3759 abrupte
876 3668 911 3737 in
933 3663 1177 3757 praesumptio·

113 3756 218 3830 nibus
240 3756 368 3832 nostris
388 3761 455 3832 hac
477 3760 649 3835 sententia
665 3779 825 3838 utamur:
859 3765 999 3857 quidvis
1021 3763 1066 3835 de
1090 3764 1176 3837 Deo

114 3852 327 3953 confingere
358 3859 579 3952 poterimus,
619 3863 712 3954 quasi
746 3864 898 3956 fecerit,
939 3864 1021 3954 qnia
1052 3862 1179 3939 facere

114 3960 288 4045 potuerit.
346 3957 436 4031 Non
465 3974 608 4053 autem,
645 3960 726 4052 quia
752 3966 872 4037 omnia
897 3962 1018 4057 potest
1039 3960 1177 4053 faeere,

10 4068 13 4075 ·
114 4053 270 4145 ideoque
290 4057 507 4133 credendum
532 4058 583 4132 est
607 4058 705 4133 illurn
728 4058 871 4153 fecisse,
910 4064 1038 4155 etiam,
1076 4064 1179 4154 quod

52 4154 57 4163 '
114 4172 192 4227 non
209 4152 352 4228 iecerit:
385 4154 444 4229 sed
465 4178 510 4231 an
532 4157 682 4253 fecerit,
716 4161 978 4254 requirendum.
1032 4162 1177 4255 Potuit,

1077 4264 1129 4336 ita
