2400 4590
94 552 172 629 ‘3²
256 526 306 630 Q.
330 526 467 605 sm.
490 523 629 603 Faon.
654 522 1018 605 Tarruaararrr

94 691 220 791 pinetis
229 688 343 765 novis
357 690 479 763 habeo
495 690 692 765 dicentem:
715 688 840 763 Potest
849 688 1009 763 Ecclesia
1023 666 1166 765 donare

99 790 295 881 tertuum,
325 788 387 863 sed
415 810 493 861 non
517 789 671 875 faciam,
707 811 753 861 ne
785 788 820 862 δι
850 790 917 861 alia
941 788 1164 882 delinquant.

95 891 200 994 Quid
215 890 242 963 si
255 876 626 983 psedoprophetrcus
638 888 779 984 spiritus
794 888 1072 981 pronuntiavirl
1093 888 1164 963 At-

95 994 161 1085 qui
175 992 286 1086 magis
300 986 477 1062 eversoris
496 986 633 1081 suisset,
660 989 694 1061 dc
712 986 933 1081 semetipsum
948 988 992 1061 de
1007 990 1168 1065 clemen·

98 1092 152 1165 tia
169 1088 442 1181 commendare,
465 1088 501 1161 dt
514 1102 657 1161 ceteros
672 1089 716 1161 ad
733 1089 1009 1179 delinquentiam
1025 1103 1167 1183 tempe·

95 1210 192 1265 aare.
242 1186 319 1261 Aut
340 1189 365 1263 sr
384 1187 418 1260 u
439 1188 513 1261 hoe
536 1186 727 1271 secundum
745 1187 905 1281 spiritum
922 1188 1087 1261 veritatis
1104 1189 1167 1263 ad·

96 1286 237 1368 §estare
249 1287 410 1384 gestivit:
436 1309 524 1382 ergo
542 1285 681 1379 spiritus
701 1287 868 1359 veritatis
884 1286 1004 1380 potest
1020 1286 1168 1380 quidem

97 1388 287 1485 itrdulgete
311 1387 593 1461 fornicatoribus
621 1386 785 1475 veniam,
818 1384 878 1459 sed
901 1409 981 1460 eum
1008 1389 1167 1479 plurium

98 1490 201 1567 malo
220 1509 296 1561 non
317 1487 408 1560 vrtlt.
466 1485 527 1558 De
543 1502 606 1559 tua
619 1508 716 1559 nunc
732 1484 909 1560 sententia
926 1507 1048 1578 quaero
1064 1487 1169 1562 unde

97 1586 180 1665 hoe
194 1588 251 1679 jur
267 1584 434 1659 Ecclesiae
447 1583 604 1678 usurpes.
656 1586 693 1659 Si
713 1589 794 1679 quia
809 1586 939 1658 dixerit
953 1586 1064 1659 Petro
1083 1586 1167 1661 Do·

99 1687 241 1765 minus:
265 1692 367 1781 Super
379 1690 463 1755 hanc
475 1702 603 1782 perram
618 1688 766 1779 edificabo
785 1686 945 1781 Ecclefianr
961 1712 1077 1773 meam,
1100 1688 1170 1759 tibi

99 1788 302 1859 dedictum
325 1792 414 1879 regni
430 1786 569 1885 casellis,
595 1790 676 1860 vel:
699 1789 1169 1884 Quacuuqueodr'gaverr'r'uel

96 1887 235 1979 soluere}
258 1892 296 1957 r'rr
318 1904 429 1972 terra,
465 1892 564 1957 dunt
583 1890 711 1979 alligata
730 1890 783 1956 ves
803 1887 903 1972 soluta
927 1891 962 1955 r'rr
983 1887 1065 1957 ceses
1078 1940 1092 1969 ,
1113 1888 1169 1961 id·

103 1989 208 2060 circo
230 1984 407 2078 arrasumis
427 1984 461 2058 dr
477 1985 520 2058 ad
536 1999 576 2057 te
587 1984 761 2060 derivasse
777 1985 985 2059 solvendi&
1000 1987 1167 2083 alligandi

102 2084 348 2181 potestatem,
378 2083 487 2157 idest
510 2085 555 2157 ad
576 2107 720 2159 omnem
742 2084 933 2159 Ecclesiam
956 2084 1054 2159 Petri
1082 2109 1168 2181 pro·

102 2186 293 2279 pinquam:
326 2185 437 2275 qualis
454 2205 491 2255 es
511 2200 681 2258 evertens
698 2200 804 2276 atque
820 2198 1044 2259 commutans
1056 2190 1168 2261 mani·

103 2283 227 2359 festam
250 2285 399 2355 Domini
423 2283 662 2356 intentionem
688 2282 921 2379 personaliter
954 2286 1028 2359 lroe
1053 2286 1168 2362 Petro

104 2381 390 2457 conferentem?
429 2387 530 2476 Super
555 2400 613 2469 te,
646 2384 790 2476 inquit,
825 2386 975 2474 edificabo
1003 2389 1169 2482 Ecclefiarrr

103 2504 222 2563 neam,
249 2484 302 2557 dc:
333 2482 424 2554 Dabo
437 2484 629 2569 alliderer,
655 2505 732 2557 non
749 2482 931 2558 Ecclesia:
960 2488 1006 2557 Er
1022 2514 1169 2584 quacun·

103 2607 166 2681 que
182 2584 315 2669 soleriis
333 2583 387 2655 vel
401 2585 605 2675 asigoveris,
630 2604 708 2657 non
730 2606 807 2675 quae
823 2582 997 2658 solverint
1012 2588 1074 2660 vel
1095 2589 1168 2662 alli-

103 2684 284 2779 gaverint.
332 2683 394 2757 Sic
410 2686 503 2757 enim
520 2684 555 2756 u
572 2685 689 2757 exitus
705 2684 826 2759 docet.
866 2684 908 2758 ln
930 2683 1006 2777 ipso
1020 2684 1168 2763 Eccesra

105 2781 283 2857 exstrucla
305 2781 378 2877 est,
402 2784 439 2855 id
461 2784 512 2857 est
529 2805 594 2876 per
616 2783 749 2878 ipsum,
775 2784 848 2879 ipse
867 2786 1006 2859 clavem
1020 2787 1168 2861 imbuit:

104 2882 212 2953 vides
232 2904 356 2972 quam:
391 2888 468 2955 Vm'
494 2880 662 2977 Israelita,
686 2886 818 2954 auribus
834 2888 979 2956 maudetc
998 2912 1064 2981 qua
1083 2891 1168 2959 dico:

111 2982 228 3075 Jesum
240 2984 451 3052 Murenam
470 2988 581 3051 virum
597 3008 618 3050 a
638 2988 704 3053 Deo
724 2985 812 3052 vobis
834 2986 1038 3077 desirantem,
1065 2987 1101 3061 &
1113 3008 1169 3061 re·

106 3078 217 3167 nque
266 3077 343 3169 lpse
358 3079 512 3169 denique
529 3082 664 3173 primus
683 3082 721 3155 in
739 3080 867 3157 Christi
885 3084 1056 3178 baptismo
1077 3086 1167 3160 rese·

103 3175 207 3250 tavit
229 3175 363 3249 aditum
389 3178 538 3251 celestis
559 3181 687 3275 regni,
719 3202 794 3273 quo
816 3180 1005 3258 solvuntur
1027 3188 1169 3282 alligata

107 3288 212 3350 retro
233 3274 384 3367 delicta,
419 3277 660 3373 &alligantur
682 3302 758 3370 quae
777 3303 854 3354 non
881 3283 1015 3357 fuerint
1036 3285 1166 3379 soluta,

107 3373 300 3452 secundum
316 3397 438 3449 veram
453 3375 616 3467 salutem,
645 3377 866 3454 &Ananiam
886 3384 1002 3456 vinxit
1016 3386 1168 3459 vinculo

102 3474 260 3565 mortis,
286 3472 493 3551 &debilem
516 3477 666 3569 pedibus
690 3476 843 3553 absolvit
872 3484 966 3554 vitio
994 3487 1170 3565 valetudi-

101 3573 177 3649 nis.
230 3572 300 3648 Sed
323 3574 357 3647 dt
375 3577 411 3649 in
432 3577 492 3649 illa
510 3575 768 3672 disceptatione
785 3580 1024 3655 custodiendae
1041 3606 1110 3659 nec
1123 3607 1172 3659 ne

104 3672 224 3770 legis,
258 3674 392 3767 primus
421 3676 581 3749 omnium
601 3676 727 3750 Petrus
755 3676 878 3773 spiritu
901 3680 1109 3779 instindlus,
1137 3684 1173 3759 u

98 3771 156 3849 de
169 3773 358 3849 nationum
370 3776 566 3849 vocatione
578 3776 765 3871 prefatus,
784 3778 831 3852 Er
841 3807 946 3867 nunc,
962 3783 1100 3877 inquit,
1116 3811 1172 3857 cur

107 3873 258 3971 tentastis
275 3880 447 3945 Dominum
460 3880 495 3947 da
513 3879 694 3972 imponendo
703 3882 777 3975 jugo
786 3880 967 3970 fratribus,
980 3888 1059 3979 quod
1074 3912 1172 3985 neque

107 3994 187 4053 nor,
198 3997 300 4068 neque
314 3993 421 4065 putrer
438 3976 680 4075 noflrr'firfferre
695 3977 897 4050 valuerunt?
914 3982 984 4054 Sed
999 3986 1093 4059 enim
1107 4008 1171 4081 pet

108 4070 258 4165 gratiam
271 4071 354 4165 Jesu
368 4076 542 4150 credimur
557 4096 625 4150 nos
641 4074 787 4153 salutem
808 4078 1066 4155 consecuturos
1083 4088 1173 4161 ficut

113 4169 222 4247 desili.
278 4169 368 4248 llaec
389 4174 564 4253 sententia
582 4176 617 4253 δι
635 4173 767 4275 solvit,
793 4200 870 4274 quae
891 4179 1013 4259 omissa
1026 4182 1108 4258 sunt
1124 4192 1172 4263 le-

1053 4288 1121 4383 gis,
