2468 4530
123 494 199 579 480
273 476 477 581 Q.Srrr.
502 474 650 551 Fron.
675 474 1048 559 Terruerunt
1117 514 1184 569 ‚·

127 646 200 737 cis,
215 640 276 715 sed
288 634 419 714 erravi.
469 632 575 711 Talia
592 636 688 731 capit
705 636 845 731 opinari
859 656 947 730 eos,
975 638 1038 731 qui
1053 640 1194 717 exorbi·

112 754 232 835 ¹tant,
259 738 392 827 &fidei
414 736 577 810 veritatis
593 738 791 830 periculum
804 754 881 809 non
898 752 1046 813 cavent.

204 862 264 931 45.
290 838 361 913 Sed
379 858 475 912 nunc
492 836 635 929 quidem
656 838 867 932 generaliter
883 834 1001 912 aetum
1020 836 1074 912 est
1091 840 1194 913 nobis

130 936 299 1016 aduersus
317 936 464 1012 haereses
480 957 627 1027 omnes,
653 937 761 1008 certis
779 936 814 1007 &
825 934 925 1027 justis
944 936 978 1011 dr
994 936 1194 1013 necessariis

129 1038 456 1135 prescriptionibus
481 1034 703 1129 repellendas
729 1057 749 1106 a
773 1036 984 1109 conlatione
1011 1036 1195 1133 scriptura·

130 1161 221 1213 rum.
281 1136 342 1209 De
365 1138 505 1227 reliquo
520 1134 547 1208 sr
562 1133 633 1207 Dei
649 1136 762 1230 gratia
778 1136 966 1229 annuerit,
1000 1138 1112 1211 etiam
1128 1136 1194 1234 spe·

133 1240 271 1313 cialiter
293 1234 504 1328 quibusdam
520 1231 823 1326 respondebimus.
875 1237 1046 1336 Quorum
1060 1238 1193 1311 hacreti-

133 1354 284 1427 corum,
309 1348 352 1407 ut
365 1336 467 1427 plura
480 1346 712 1425 praeteream,
738 1355 851 1425 pauca
865 1334 1120 1433 perstringam:
1149 1352 1193 1410 ta·

65 1450 67 1455 ·
134 1456 204 1510 ceo
226 1436 321 1507 enirn
340 1429 505 1527 Judaismi
523 1432 725 1505 haereticos.
776 1431 1012 1525 Dositheum‚
1039 1437 1192 1529 inquam,

133 1534 411 1623 Samaritarum,
437 1531 497 1622 qui
516 1531 650 1623 primus
667 1531 766 1604 ausus
786 1530 838 1605 est
856 1534 1078 1629 prophetas,
1105 1534 1191 1628 quast

133 1652 212 1709 non
223 1632 262 1705 in
277 1628 402 1724 spiritu
415 1626 534 1703 santio
548 1630 716 1723 locutos,
734 1631 932 1726 repudiare.
967 1630 1101 1709 Taceo
1115 1634 1191 1709 Sad-

136 1732 307 1823 ducens,
334 1731 459 1822 quiex
479 1730 584 1823 huius
604 1732 737 1804 erroris
756 1730 875 1805 radice
894 1731 1105 1829 surgentes,
1129 1732 1190 1809 aui

134 1829 217 1906 sunt
236 1830 279 1905 ad
295 1832 386 1905 hanc
399 1830 554 1903 haeresim
567 1831 673 1904 etiam
689 1828 983 1904 resurrectionem
999 1837 1118 1907 carnis
1137 1854 1191 1907 ne·

134 1949 229 2029 gare.
280 1928 520 2003 Praetermitto
534 1927 746 2022 Pharisaeos,
773 1931 831 2022 qui
845 1930 1088 2007 additamenta
1107 1954 1189 2026 qun·

134 2032 217 2105 dam
229 2029 317 2125 legis
333 2027 548 2102 adstruendo
564 2027 722 2122 aJudaeis
737 2028 836 2102 divisi
851 2027 941 2104 sunt.
966 2030 1080 2105 Unde
1092 2034 1190 2107 etiarn

135 2131 210 2205 hoc
227 2130 391 2220 accipere
403 2125 538 2218 ipsum,
566 2127 664 2219 quod
676 2127 830 2220 habent,
856 2149 990 2202 nomen
1005 2132 1106 2227 digni
1125 2132 1190 2205 fue·

134 2243 232 2303 runt.
283 2226 374 2299 Cum
391 2227 445 2298 his
461 2227 568 2299 etiam
582 2226 833 2321 Herodianos,
857 2231 916 2321 qui
930 2228 1111 2307 Christum
1125 2232 1188 2307 Hc·

133 2327 262 2401 rodem
282 2324 352 2400 else
373 2324 552 2399 dixerunt

209 2431 269 2513 46.
296 2424 355 2498 Ad
374 2446 438 2497 eos
457 2446 515 2498 me
533 2438 738 2520 converto,
765 2427 823 2518 qui
844 2448 889 2499 er
903 2424 1110 2525 Evangelio
1128 2431 1187 2505 hc·

136 2528 240 2603 retici
254 2524 325 2600 esse
346 2527 495 2600 volunt:
521 2524 712 2616 exquibus
737 2525 787 2599 est
806 2528 938 2619 primus
962 2531 1127 2606 omnium
1144 2530 1187 2601 Si·

135 2650 224 2703 mon
245 2625 396 2724 Magus,
424 2626 543 2717 quiin
568 2621 667 2696 ntus
691 2624 950 2717 Apostolorum
979 2631 1188 2726 condignam

134 2726 268 2803 meruit
282 2728 325 2799 ab
343 2724 509 2817 apostolo
524 2723 634 2797 Petro
649 2723 846 2819 justamque
860 2724 1085 2806 sententiam.
1124 2729 1189 2804 Hic

135 2824 237 2900 austu
261 2826 312 2900 est
331 2823 496 2899 summam
520 2827 554 2896 se
576 2822 693 2896 dicere
712 2827 910 2919 virtutem,
943 2828 1078 2921 idest,
1108 2828 1189 2903 sunr-

133 2946 233 3001 mum
247 2924 379 2997 Deum.
427 2923 607 2995 Mundum
627 2936 744 2997 autem
761 2925 805 2996 ab
826 2926 958 3019 angelis
973 2924 1042 3000 suis
1061 2930 1190 3003 institu-

134 3038 233 3114 tum,
259 3043 301 3094 ac
319 3022 482 3095 daemone
498 3019 532 3095 se
549 3023 741 3094 oberrante
759 3022 923 3114 quiesset
944 3023 1117 3117 sapientia
1135 3028 1189 3101 de·

133 3120 302 3199 scendilse
316 3110 543 3212 quae'rendum
556 3121 649 3213 apud
662 3121 826 3215 Judaeos,
853 3122 888 3196 se
901 3126 938 3197 in
951 3126 1189 3219 phantasmate

132 3223 206 3297 Dei
227 3242 304 3295 non
322 3218 488 3313 passum,¹
511 3218 569 3293 sed
590 3218 659 3293 elle
679 3221 771 3312 quasr
794 3220 937 3315 passum.
986 3225 1075 3301 Post
1097 3230 1188 3301 hunc

132 3320 356 3413 Menander,
381 3319 568 3412 discipulus
585 3319 713 3414 ipsius,
731 3322 887 3395 similiter
902 3344 1046 3420 magus,
1070 3328 1187 3401 eadem

132 3423 256 3497 dicens
280 3442 357 3512 quae
378 3419 502 3493 Simon
527 3416 625 3513 ipse:
651 3420 818 3512 quicquid
838 3420 872 3495 se
893 3422 1019 3497 Simon
1038 3428 1186 3517 dixerat,

132 3523 207 3597 hoc
227 3518 263 3595 se
277 3520 478 3594 Menander
498 3516 567 3593 elle
592 3520 754 3612 dicebat,
780 3543 912 3618 negans
936 3524 1072 3598 habere
1093 3522 1186 3620 polle

133 3640 335 3716 quenquam
359 3616 533 3712 salutem,
571 3618 634 3693 nist
659 3619 697 3693 in
722 3622 868 3695 nomine
895 3619 959 3695 suo
988 3625 1184 3718 baptizanu
1216 3642 1221 3651 ·

106 3722 109 3727 ’
131 3720 262 3797 fuisset.
314 3721 465 3792 Secutus
491 3718 541 3792 est
563 3717 739 3810 posthaec
760 3720 795 3793 dr
816 3720 1052 3818 Saturninus,
1081 3726 1117 3799 dr
1133 3724 1185 3799 hic

130 3822 289 3896 similiter
305 3820 448 3910 dicens,
466 3816 704 3892 innascibilem
720 3820 913 3913 virtutem,
931 3823 1056 3918 idest,
1073 3826 1183 3899 Deum

132 3920 172 3995 in
191 3919 329 3993 summis
350 3919 467 3992 &illis
489 3914 636 3991 infinitis
654 3920 812 4011 partibus
830 3921 864 3993 dr
885 3921 923 3993 in
948 3918 1182 4015 superioribus

131 4040 300 4106 manere3
334 4020 442 4116 longe
459 4031 578 4090 autem
593 4015 759 4093 distantes
779 4020 912 4093 abhoc
932 4024 1083 4117 angelos
1103 4022 1182 4097 infe·

128 4121 246 4198 riores
263 4118 434 4207 mrurdurn
454 4113 597 4197 fecisse:
628 4115 664 4191 dr
684 4120 767 4214 quia
784 4118 952 4217 splendor
973 4124 1120 4238 quidam⁸
1137 4124 1179 4195 lu

1037 4240 1138 4301 mrnrs
