2400 4590
95 572 170 679 976
241 580 290 673 Q.
317 574 453 651 Serr.
478 570 620 653 Fron.
645 534 1019 657 Taaruaarnur

94 740 137 815 ln
159 740 296 813 coitum
316 736 520 811 obscenum
539 756 607 832 pro
627 739 713 809 luxu
729 736 830 812 suafit
847 742 996 841 haberi,

95 840 201 911 Talia
217 839 402 933 preterito
417 836 585 933 grallatus
597 851 762 931 tempore
777 840 879 935 geffit

96 940 165 1011 Per
185 941 339 1011 latebras
358 938 499 1030 animae,
526 935 614 1030 sepis
629 952 796 1010 manante
811 962 983 1019 venenu.

96 1032 187 1113 Non
207 1040 287 1129 quia
301 1037 487 1129 culparent
499 1035 682 1109 homines:
707 1058 787 1110 nam
801 1034 939 1131 sponte
955 1042 1093 1135 secuti3

95 1138 160 1212 llle
176 1138 264 1211 dolo
279 1136 397 1227 suasit,
425 1137 537 1208 homo
552 1138 718 1209 libertate
733 1140 886 1233 peregit

149 1260 180 1310 2.
198 1236 284 1309 llaec
303 1236 386 1308 dum
405 1238 580 1308 continuo
595 1257 658 1329 per
676 1234 797 1309 secula
808 1236 982 1331 perfidus
997 1244 1109 1339 halat,

97 1336 361 1425 Consiliumque
375 1333 473 1407 suum
488 1333 633 1407 seductis
654 1336 823 1409 cordibus
847 1338 982 1435 infert,

95 1436 248 1529 Sperans
268 1432 381 1529 (heu)
397 1433 606 1526 scelerisque
620 1434 715 1507 viam
732 1435 765 1507 se
778 1434 908 1511 stultus
925 1440 1089 1539 habere,

93 1534 112 1609 1
137 1556 264 1623 natus,
291 1535 401 1625 qualis
422 1550 562 1605 maneat
576 1533 747 1607 sententia
763 1534 856 1609 fatti.

93 1558 220 1707 Teum
236 1632 496 1727 Prophetarum
513 1632 614 1707 testis
632 1631 799 1725 sapientia
818 1638 951 1711 verbis

94 1732 228 1825 Spiritu
243 1733 357 1825 deque
375 1732 443 1803 Dei
459 1732 607 1829 praesaga
625 1754 722 1805 voce
739 1735 964 1825 loquentum

91 1832 240 1927 Puplice
254 1854 331 1904 non
347 1834 479 1903 audens
495 1832 690 1906 Dominum
703 1832 921 1909 maledicere
942 1841 1066 1936 nude,

91 1932 245 2005 Secreto
259 1932 404 2027 ingenio
419 1930 559 2027 sperans
574 1930 609 2004 se
625 1930 726 2025 polle
741 1934 865 2009 latere.

92 2030 256 2104 Tandem
275 2032 336 2103 lux
353 2034 474 2103 anime
493 2032 605 2103 carnis
622 2034 766 2123 captiva
784 2046 952 2131 tenetur,

91 2131 375 2223 Desperatorum
389 2146 503 2201 certat
518 2128 594 2221 spes
611 2129 743 2201 fortior
760 2131 870 2207 hoste.

91 2232 169 2321 lpse
190 2230 386 2323 figurator,
412 2246 614 2301 renovator
632 2233 796 2322 corporis
814 2230 904 2325 ipse,

92 2331 221 2400 Gloria
235 2350 321 2399 vera
334 2328 466 2419 Patris,
493 2325 692 2421 Deillius,
719 2332 843 2402 unicus
861 2330 1013 2430 auctor,

90 2428 207 2524 Judex
226 2428 259 2497 a
278 2426 456 2498 Dominus
476 2428 597 2520 venit,
624 2428 703 2500 Rex
722 2431 877 2521 inclytus
896 2436 1023 2529 orbis,

93 2527 274 2619 Opprcllrs
295 2528 436 2599 veniam
454 2527 536 2599 dare
551 2544 760 2619 promptus,
787 2528 935 2607 solvere
954 2536 1118 2613 vinctos,

93 2628 204 2719 Cujus
226 2628 384 2698 amicitiae
404 2628 536 2697 auxilio
552 2629 721 2719 patientia
736 2650 860 2722 poenae,

92 2726 144 2798 Et
161 2728 281 2815 Deus,
310 2726 342 2796 ἃ
361 2740 558 2797 renovatus
575 2728 685 2798 horno
706 2726 871 2799 miscetur
888 2728 928 2800 in
944 2750 1079 2811 unum.

91 2828 209 2920 Virgo
225 2825 337 2896 lancta
351 2826 462 2915 parit,
487 2824 613 2916 patefit
627 2847 726 2897 nova
736 2829 843 2917 J'anua
853 2828 959 2921 vitae,

90 2922 196 2996 Dicta
217 2926 473 3015 Prophetarum
489 2923 586 2995 fadlis
603 2925 746 3017 impleta
762 2927 978 3018 probantur.

90 3022 245 3112 Templa
261 3022 463 3093 sacerdotes
478 3026 662 3115 linquunt,
689 3024 795 3097 stellae
815 3047 964 3118 quoque
987 3034 1102 3111 ductu

93 3122 273 3195 Mirantur
291 3121 511 3213 Dominum,
537 3136 674 3195 tantum
697 3121 879 3198 secernere
899 3144 1067 3219 parturn.

90 3218 134 3295 In
152 3221 274 3292 uinum
290 3236 481 3292 vertuntur
496 3244 613 3316 aquae,
639 3226 869 3296 memorabile
889 3226 995 3303 visu:

88 3318 243 3392 Lumina
254 3320 453 3392 redduntur
469 3323 595 3412 cacis,
616 3321 777 3413 julluque
791 3338 993 3401 trementes

89 3419 288 3492 Daemones
312 3420 442 3511 expulsi
467 3423 639 3513 clamant,
668 3422 914 3515 Christumque
930 3427 1109 3509 fatentur.

92 3518 226 3591 Omnia
241 3517 404 3590 sanantur
419 3523 534 3592 uerbo
552 3523 623 3612 jam
637 3520 756 3593 tabida
772 3525 945 3614 membra,

89 3618 168 3711 Jam
184 3619 341 3712 graditur
360 3620 524 3711 claudus,
551 3616 671 3692 surdus
689 3619 782 3712 spem
798 3624 965 3713 protinus
988 3632 1106 3727 audit,

88 3716 164 3787 Dat
181 3718 341 3789 dextram
358 3739 525 3812 mancus,
552 3722 711 3811 loquitur
729 3724 900 3815 magnalia
918 3742 1069 3819 mutus3

87 3814 147 3888 Fit
164 3838 257 3887 mare
275 3821 501 3906 tranquillum
514 3818 624 3911 jull'u,
651 3821 822 3911 ventique
841 3820 1045 3911 quiescunt.

89 3914 221 3987 Omnia
237 3916 459 4010 cognoscunt
477 3918 687 3992 Dominum:
721 3920 954 3994 confunditur
971 3926 1103 4025 hostis,

85 4012 232 4106 Jamque
252 4017 507 4106 triumphatus,
534 4017 630 4089 ferus
654 4020 756 4090 armis
771 4034 873 4112 paret
887 4020 1038 4121 iniquis,

138 4136 168 4199 3.
191 4114 319 4185 Omnia
338 4139 417 4189 curn
433 4136 604 4189 revocata
626 4122 747 4211 videt,
774 4142 850 4210 quae
869 4141 1021 4213 ceperat
1037 4127 1110 4223 ipse

85 4208 202 4285 Cladis
217 4216 254 4285 in
266 4214 471 4309 interitum,
497 4222 643 4295 merlam
657 4221 729 4313 jam
749 4216 890 4319 surgere
909 4242 1075 4321 carnem,

1056 4326 1096 4401 In
