2400 4590
97 545 145 615 62
167 614 171 625 ,
238 544 287 647 Q.
312 540 449 619 Sars.
474 538 615 619 Fron.
639 538 1007 620 Taarunaranr

98 722 228 781 norum
245 700 452 797 compensas
471 703 631 779 delenda
694 702 870 779 Ceterum
884 702 1048 779 secularis
1065 722 1159 791 con«,

99 804 345 899 cupiscentia,
378 800 508 875 caussas
530 802 667 895 habet,
699 802 873 901 gloriam,¹
904 804 1153 913 cupiditatem,

99 907 361 996 ambitionem,
406 898 713 995 insufficientiam,
750 924 815 995 per
852 924 937 995 quas
974 900 1155 977 necessita·

100 1024 173 1084 tem
200 1002 358 1078 nubendi
395 1000 589 1075 subornat:
631 1002 804 1077 videlicet
841 1002 990 1077 coelestia
1026 1022 1155 1095 repro·

97 1111 268 1191 mittens,
294 1100 470 1175 dominari
491 1102 528 1175 in
553 1102 666 1175 aliena
691 1102 841 1195 familia,
865 1104 904 1175 in
929 1103 1047 1175 alienis
1074 1102 1154 1195 opi·

98 1211 165 1283 bus
204 1202 440 1293 incumbere,
489 1203 624 1275 cultum
663 1201 708 1274 de
745 1202 864 1275 alieno
904 1218 1154 1296 extorquere,
1196 1250 1199 1255 -

98 1307 271 1397 sumptu,
316 1322 421 1391 quem
459 1320 536 1373 non
568 1297 696 1373 sentias
728 1301 856 1375 cedere
886 1304 923 1375 in
953 1315 1003 1375 te.
1065 1302 1157 1375 Hac

97 1406 230 1505 procul
258 1424 280 1475 a
313 1396 507 1491 fidelibus,
546 1402 673 1490 quibus
704 1402 801 1475 nulla
838 1422 924 1473 cura
959 1402 1158 1475 tolerandae
1195 1468 1199 1493 ;

98 1509 211 1597 vitre,
240 1499 304 1576 nisr
321 1496 549 1583 srdiffidimus
569 1500 613 1573 de
636 1500 805 1592 promissis
817 1499 909 1594 Dei,
935 1501 971 1573 dc
987 1522 1093 1594 cura,
1119 1500 1158 1578 dc
1196 1554 1199 1559 -

98 1602 352 1703 providencia:
387 1600 448 1690 qui
469 1599 542 1671 lilia
562 1598 709 1695 agrestia
735 1598 873 1693 vestit,
908 1601 966 1692 qui
991 1602 1160 1677 volatilia

100 1707 181 1780 cosli
205 1702 305 1777 nullo
329 1696 483 1789 ipsorum
507 1699 633 1773 labore
657 1699 796 1792 pascit,
833 1698 892 1791 qui
914 1700 1085 1791 prohibet
1107 1702 1156 1775 de

100 1802 254 1881 crastino
275 1796 444 1889 vidiuque
466 1799 605 1887 curari;
636 1796 835 1891 spondens,
867 1797 956 1873 scire
981 1800 1035 1892 se,
1069 1800 1159 1891 quid

101 1906 230 1995 cuique
243 1898 428 1973 servorum
443 1895 586 1971 suorum
602 1920 694 1993 opus
710 1900 761 1974 sit.
811 1896 901 1973 Non
916 1900 1058 1990 quidem
1076 1922 1158 1977 mo·

99 2004 224 2081 niiium
241 1996 429 2093 pondera,
460 2019 537 2072 non
560 1996 712 2071 vestium
731 1997 863 2092 taedia,
895 2020 972 2072 non
994 1998 1161 2075 Gallicos

99 2104 246 2194 vuitus,
269 2120 336 2186 nec
349 2094 583 2171 Germanicos
596 2097 756 2191 bajulos,
772 2120 850 2189 qua
863 2099 1064 2191 nuptiarum
1078 2100 1160 2195 glo·

98 2206 186 2278 riam
210 2196 427 2273 accendunt:
454 2192 512 2269 sed
533 2192 795 2289 sufficientiam,
828 2220 905 2289 quae
922 2198 1102 2272 modestiae
1122 2200 1161 2273 dc

99 2300 280 2397 pudicitiae
302 2310 383 2389 apta
399 2292 460 2369 cst.
508 2294 679 2369 Praesume
698 2317 768 2370 oro
787 2307 845 2390 te,
872 2297 959 2370 nihil
975 2298 1040 2371 tibi
1061 2320 1158 2391 opus

99 2401 173 2493 est,
196 2398 222 2473 fi
245 2396 394 2470 donnino
417 2414 605 2489 appareas:
638 2398 711 2469 imo
732 2399 851 2469 omnia
872 2398 1025 2487 habere,
1051 2397 1161 2472 siha·

101 2502 186 2581 beas
217 2496 419 2571 dominum:
454 2494 554 2586 cujus
582 2497 703 2568 omnia
728 2498 880 2571 coelestia
906 2501 1095 2594 recog²ta,
1126 2498 1163 2575 dt

99 2616 244 2677 terrena
266 2592 445 2686 despicies.
505 2592 608 2669 Nihil
634 2596 800 2668 viduitati
828 2598 922 2690 apud
946 2596 1067 2671 Deum
1082 2596 1162 2677 sub·¹

99 2700 240 2801 signatae
255 2690 483 2768 necessarium
501 2692 573 2787 est,
603 2716 707 2787 quam
721 2694 961 2789 perseverare.

176 2818 210 2889 ς.
242 2793 426 2887 Adjiciunt
450 2792 591 2885 quidem
610 2796 672 2869 nbi
693 2796 857 2870 homines
874 2794 1003 2867 caussas
1020 2797 1161 2888 nuptia·

98 2920 179 2975 rum
198 2896 242 2971 de
263 2891 501 2966 sollicitudine
523 2892 766 2985 posteritatis,
799 2896 833 2967 dr
855 2896 1048 2969 liberorum
1070 2910 1161 2970 ama·

99 2998 223 3075 citima
239 2994 442 3085 voluptate.
493 2990 565 3063 Sed
579 2992 614 3063 id
633 3013 778 3084 quoque
793 3000 902 3085 penes
916 3016 983 3066 nos
997 2994 1162 3073 odiosum

100 3097 163 3175 est.
215 3093 310 3169 Nam
334 3090 419 3183 quid
441 3090 624 3185 gestiamus
644 3092 777 3165 liberos
793 3115 943 3188 gerere,
971 3116 1163 3183 quoscum

99 3198 295 3283 habemus,
320 3191 537 3289 praemittere
557 3204 745 3283 optamus,
770 3191 928 3285 respersu
948 3191 1081 3267 scilicet
1100 3189 1164 3271 im

99 3293 311 3375 minentium
326 3288 579 3385 angustiarum,
605 3291 726 3384 cupidi
741 3292 775 3363 dr
791 3291 851 3385 ipsa
865 3293 1075 3384 iniquiffimo
1091 3292 1161 3369 isto
1195 3294 1199 3304 '

100 3398 223 3475 seculo
240 3390 395 3467 eximi&
414 3390 524 3482 recipi
543 3390 587 3463 ad
602 3390 808 3482 dominum,
826 3392 924 3484 quod
939 3393 1045 3465 etiam
1060 3390 1163 3485 Apo,

99 3496 197 3573 stolo
213 3507 343 3567 votum
363 3490 443 3563 fuit.
494 3488 673 3563 Nimirum
690 3490 880 3565 necessaria
896 3488 1039 3564 soboles
1052 3490 1162 3565 servo

100 3594 186 3671 Dei.
238 3590 329 3665 Satis
347 3590 440 3661 enim
459 3586 585 3661 dosunt
599 3588 737 3665 nostra:
760 3588 871 3663 securi
890 3590 1005 3663 sumus
1020 3604 1061 3661 ut
1076 3592 1165 3667 libe·

101 3694 153 3773 ris
166 3710 354 3765 vacemus:
380 3688 567 3777 quaerenda
580 3690 686 3761 nobis
703 3711 815 3763 onera
831 3690 910 3763 sunt
931 3712 1008 3781 quae
1022 3692 1166 3769 etiams

101 3792 287 3891 'gentilium
309 3786 502 3883 prophanis
517 3789 699 3879 vitantur,
726 3810 802 3880 quae
820 3790 957 3885 legibus
976 3791 1164 3885 coluntur,

101 3912 182 3987 quae
201 3886 395 3983 parricidiis
417 3904 679 3981 expugnantur.
746 3888 865 3961 Nobis
891 3888 1033 3979 quidem
1055 3890 1166 3983 pluri.

101 4012 200 4071 mum
222 3988 457 4081 importuna,
497 4000 667 4077 quantum
695 3984 779 4059 fidei
805 3988 1013 4080 periculosa.
1089 3988 1166 4067 Cur
1193 3986 1197 3992 ’

103 4090 200 4167 enim
220 4087 384 4161 dominus
409 4112 458 4155 va
480 4088 717 4181 praegnantibus
741 4088 780 4163 (Ἰ
804 4092 1048 4157 rrutrirourrbur
1072 4090 1166 4163 ceci.

101 4191 159 4269 nit
172 4242 197 4286 ,‚
224 4186 287 4269 aiss
318 4186 400 4277 quia
425 4182 583 4262 filiorum
618 4186 872 4281 impedimenta
899 4186 1083 4279 testatur,
1126 4188 1165 4273 in

1051 4289 1113 4363 illa
