2400 4590
227 471 294 541 nr
320 467 754 543 Rusunnrcnonr
789 482 990 545 carust,
1057 477 1131 581 583:

70 626 220 719 Christi,
246 627 407 701 vitamin
423 626 458 701 se
472 628 658 721 continet,
683 649 794 719 eaque
807 628 885 699 vita
900 648 981 701 cum
995 629 1128 704 lumine

70 728 306 799 committitur
332 726 369 799 in
389 740 562 821 ¹carnem,
600 727 757 821 peritura
782 726 833 799 est
858 728 895 799 in
919 750 1023 818 quam
1048 730 1127 803 vita

68 826 337 901 committitur?
375 826 483 901 Plane
507 826 554 901 irc
574 828 751 922 periturus
776 824 903 921 &ipse
927 826 1124 923 thesaurus,

66 926 233 1018 perituris
248 928 343 999 enim
355 927 511 1019 peritura
526 928 733 1017 creduntur,
743 928 832 999 sicut
844 927 1027 999 veteribus
1040 932 1125 1002 utri-

66 1026 132 1119 bus
149 1047 290 1098 novum
308 1027 450 1101 vinum·
494 1025 584 1102 Cum
596 1027 684 1111 item
695 1025 859 1119 subjicit:
878 1027 996 1121 semper
1011 1034 1125 1097 morri.

54 1128 240 1217 ficationem
271 1126 387 1219 Christi
415 1126 495 1222 Jesu
518 1128 770 1215 circumferentes
796 1132 834 1195 in
862 1147 982 1221 corpore
1008 1127 1124 1223 nostre,

64 1227 176 1314 qualis
199 1223 262 1297 ista
281 1244 337 1297 res
356 1223 429 1315 est,
458 1246 535 1316 quae
556 1222 637 1320 post
657 1226 728 1307 Dei
746 1226 917 1319 templum
930 1227 1001 1317 iam
1024 1225 1123 1299 &se-

61 1326 251 1415 pulchrum
273 1322 401 1397 Christi
420 1324 538 1419 potest
554 1324 650 1407 dicit
689 1324 762 1398 Cur
784 1339 902 1405 autem
926 1323 1123 1399 mortifica·

61 1425 202 1497 tionem
216 1423 350 1496 domini
368 1424 645 1498 circumferimus
661 1426 697 1505 in
714 1422 899 1518 corporet
925 1439 967 1509 ut
980 1424 1019 1501 U
1034 1429 1119 1511 vira,

59 1524 199 1615 inquit,
235 1522 485 1618 manifestetur·
530 1524 630 1598 Ubii
663 1526 894 1616 incorpore,
950 1522 992 1607 In
1014 1525 1117 1615 quo?

58 1622 98 1693 in
119 1622 273 1697 mortali.
324 1620 421 1719 Ergo
439 1625 475 1697 in
491 1645 598 1703 carne
615 1624 719 1717 plane
733 1623 900 1717 mortali,
927 1622 1119 1699 secundum

60 1724 221 1812 cul-pam:
248 1720 305 1794 sed
321 1722 356 1795 tr
372 1723 472 1795 vitali
489 1721 678 1797 secundum
703 1724 868 1817 gratiam,
903 1723 989 1811 vide
1009 1744 1120 1814 quan-

56 1833 150 1913 tam,
184 1837 225 1893 ut
240 1822 276 1893 in
291 1822 350 1893 illa
367 1822 443 1893 vita
460 1820 587 1895 Christi
601 1820 855 1897 manifestetur.
908 1823 948 1895 In
965 1842 1005 1899 re
1027 1843 1117 1918 ergo
1182 1832 1187 1839 '

55 1920 170 1993 aliena
194 1920 293 1993 saluti
319 1920 435 1997 sedin
460 1921 647 1997 substantia
669 1935 851 2017 perpetuae
877 1920 1116 1995 dissolutionis

54 2019 332 2095 manifestabitur
353 2021 430 2093 rita
447 2021 574 2097 Christi
591 2038 743 2114 aeterna,
765 2021 880 2116 jugis,
903 2023 1116 2114 incorrupta

54 2120 122 2211 iam
142 2120 257 2193 &Dei
273 2118 374 2193 vital
401 2137 463 2194 aut
480 2124 580 2214 cujus
599 2122 772 2215 temporis
793 2122 870 2193 vita
887 2120 1022 2195 domini
1041 2144 1115 2195 ma·

54 2218 272 2291 nifestabitur
290 2221 326 2293 in
345 2242 502 2313 corpore
520 2219 676 2295 nostro?
702 2223 760 2294 illa
775 2220 916 2312 quidem
933 2241 1002 2311 qua
1016 2223 1111 2294 vixit

54 2320 219 2407 usquein
241 2319 453 2410 pollionem,
481 2343 557 2411 quae
572 2342 649 2395 non
668 2320 781 2393 modo
804 2318 896 2413 apud
911 2319 1054 2413 Judaeos
1070 2322 1110 2393 in

54 2415 237 2489 manifesto
266 2416 362 2505 fuit,
386 2431 523 2491 'verum
555 2420 661 2490 etiam
688 2419 853 2489 omnibus
872 2438 974 2489 -nunc
994 2420 1109 2511 genti-

54 2516 116 2587 bus
135 2513 284 2603 ·prodita
307 2512 387 2585 ost‘l
426 2515 531 2587 Adeo
554 2514 633 2587 eam
656 2513 853 2609 fignificat,
884 2538 960 2606 quae
984 2532 1109 2605 portas

54 2613 290 2685 adamantinas
304 2614 488 2703 mortis,&
502 2636 615 2685 aeneas
631 2613 720 2685 seras
735 2612 931 2686 inferorum
948 2613 1108 2709 infregit,

54 2735 127 2804 qum
145 2711 273 2783 exindo
287 2713 358 2802 jam
380 2713 498 2784 nostra
519 2712 580 2786 est.
640 2711 809 2802 Denique
828 2710 1107 2787 manifestabitur

54 2815 85 2885 in
110 2831 277 2903 corpore.
331 2811 522 2907 Quando?
557 2810 639 2905 post
659 2824 825 2885 mortem.
876 2812 1107 2905 Quomodo?

54 2911 132 2985 dum
154 2911 363 3005 resurgimus
383 2912 419 2983 in
444 2933 627 3004 corpore,
661 2912 751 2985 srcut
771 2910 804 2981 ἃ
824 2910 993 2997 Christus.
1044 2911 1106 2985 Ne

54 3014 142 3085 enim
160 3011 237 3100 quis
255 3027 539 3106 argumentetur,
566 3033 662 3085 nunc
677 3013 809 3091 habete
822 3007 1034 3095 manifestari
1050 3012 1106 3085 ri·

54 3132 118 3182 tarn
136 3109 214 3202 Jcsu
231 3111 266 3182 in
284 3130 440 3201 corpore
457 3111 604 3202 nostro,
631 3132 695 3202 por
714 3109 928 3203 disciplinam
946 3108 1104 3183 santiita-

54 3209 92 3278 :is
109 3209 142 3277 u
160 3210 358 3299 patientie,
387 3208 594 3301 &justitire,
621 3208 864 3311 &sapientiora
890 3212 1018 3301 quibus
1040 3213 1103 3285 do„

54 3306 130 3379 nini
149 3307 224 3377 vita
242 3307 425 3402 floruerit,
457 3308 759 3401 providentilllma
777 3309 929 3413 apostoli
945 3310 1102 3381 intentio

58 3406 186 3502 tigerit.
238 3408 277 3477 Sr'
301 3415 386 3477 euim
407 3434 463 3479 nos
478 3414 533 3507 qui
549 3414 717 3495 vivimus,
744 3414 781 3477 in
798 3426 927 3489 mortem,
943 3411 1103 3478 tradimur

54 3528 168 3601 rroprer
189 3508 317 3600 Jesum,
342 3522 381 3576 ut
397 3515 471 3578 vira
486 3516 552 3608 ejus
566 3510 783 3605 manifestetur
801 3510 837 3595 in
858 3528 1018 3602 corpore
1035 3529 1101 3587 noe

54 3606 114 3679 tro
140 3609 308 3698 mortali,
342 3607 426 3685 idco
448 3610 620 3687 defundis
638 3610 743 3684 nobis
770 3610 843 3683 hoc
866 3609 916 3677 ait
941 3606 1101 3691 futurum

54 3726 80 3775 n
97 3726 253 3797 corpore
269 3704 408 3787 nostro.
461 3708 573 3806 Quod
591 3711 616 3789 sl
631 3721 737 3798 tunc,
767 3705 954 3799 quomodo
971 3704 1032 3777 nisr
1046 3726 1102 3777 rev.

54 3800 206 3875 irscitato
229 3806 307 3887 eo?
341 3808 496 3901 proinde
519 3808 553 3885 δι
575 3808 612 3893 in
637 3805 810 3897 clausulag
840 3808 996 3893 scientes,
1027 3804 1097 3896 ait,

54 3906 117 3973 ruet
130 3913 184 4000 qur
194 3906 370 3993 suscitavit
388 3909 522 4004 Jesum,
543 3906 580 3997 Φ
597 3934 653 3977 nos
662 3906 829 3993 [refutabit
841 3930 909 3975 cum
923 3904 1005 4001 ipsp,
1022 3908 1099 4000 quia

54 4028 102 4073 am
122 4008 328 4094 resurrexerit
349 4034 368 4087 a
390 4011 545 4089 mortuis,
579 4008 641 4079 nist
666 4004 747 4096 quia
772 4026 852 4079 cum
871 4003 975 4098 ipsu,
1008 4004 1100 4090 ficut

54 4102 260 4199 psumsapit
287 4103 1099 4201 Slvereficutipllrm,n0nutiquesmecarne,

531 4204 656 4305 004
795 4216 803 4225 ’
899 4202 1051 4307 45·Std
