2400 4590
99 535 177 629 ²⁴³⁶
259 533 308 630 Q.
331 528 464 607 Seru.
492 526 633 607 reon.
663 524 1011 607 Terruerunt

100 690 378 787 comparatione
396 710 475 765 non
496 689 583 765 dico
603 690 715 783 maii,
750 687 810 763 sed
834 689 942 765 ctiam
959 688 1050 763 boni
1073 687 1170 763 alter·

97 794 193 869 siu:
213 791 294 865 utfi
313 790 348 863 dr
366 792 437 863 aiio
452 791 557 862 bono
571 802 816 883 conparatum
835 788 1085 878 adumbretur,
1104 792 1164 861 re'·

97 904 243 971 maneat
256 890 486 965 nihilominus
501 891 538 962 in
549 888 639 965 boni
650 889 810 963 nornine.
859 884 1038 961 Caeterum
1056 886 1161 981 siper

98 990 186 1069 ninii
197 990 429 1063 coliationern
444 988 587 1084 cogitur
596 990 734 1061 bonum
745 987 830 1081 dici,
842 1006 918 1059 non
932 999 1005 1061 tam
1021 988 1162 1065 bonum

99 1090 184 1184 est,
217 1110 324 1181 quarn
351 1110 462 1185 genus
494 1088 576 1161 mali
602 1086 802 1180 inferioris,
838 1085 936 1177 quod
961 1086 1005 1159 ab
1030 1086 1164 1159 altiore

98 1190 202 1267 mdo
220 1185 448 1263 obscuratum
466 1187 509 1259 ad
528 1206 663 1260 nornen
678 1186 767 1259 boni
790 1184 994 1278 impellitur.
1043 1181 1164 1257 Aufer

99 1288 257 1380 denique
274 1288 545 1378 conditionem,
570 1299 708 1358 utnon
729 1284 826 1357 dieas
844 1283 1016 1381 moliundi
1034 1286 1164 1374 nubere,

99 1413 199 1487 guam
216 1392 290 1477 uri,
317 1386 352 1459 dt
372 1406 493 1479 quaero
514 1406 559 1458 an
578 1385 700 1459 dicere
721 1384 876 1479 audeas,
901 1385 1013 1456 meiius
1034 1386 1166 1477 nahra,

62 1492 77 1515 '
98 1502 182 1563 non
201 1485 369 1579 adjiciens
385 1506 461 1579 quo
474 1485 598 1559 meiius
616 1483 669 1560 fit.
720 1480 780 1558 Fit
797 1504 886 1581 ergo
902 1487 973 1581 jann
996 1504 1073 1558 nnn
1091 1506 1166 1558 mc·

98 1586 192 1681 lius,
218 1584 254 1657 ἀ
278 1584 363 1659 dum
380 1606 457 1659 non
478 1584 622 1657 melius:
656 1604 726 1657 nee
741 1585 897 1674 bonum,
924 1583 1060 1659 sublata
1075 1603 1173 1667 con»,

100 1684 266 1776 ditione,
291 1704 370 1777 que
386 1684 470 1759 dum
487 1684 613 1759 meiius
631 1683 720 1759 illud
733 1682 821 1757 iacit
835 1684 929 1777 alio,
960 1684 1012 1756 ita
1028 1685 1168 1761 bonurn

99 1782 229 1861 iuben
244 1786 355 1881 cogit
388 1782 710 1859 Meliusestunurn
724 1784 870 1859 oculum
882 1784 1045 1857 amittere
1059 1804 1167 1876 quant

101 1884 209 1959 duos.
261 1882 297 1955 st
319 1896 440 1958 tamen
462 1880 617 1959 discedas
634 1905 655 1956 a
673 1883 943 1976 comparatione
961 1883 1165 1977 utriusque,

99 2004 179 2061 uon
194 1982 266 2057 en‘t
281 1982 407 2055 melius
428 2002 538 2056 unum
560 1983 705 2056 oculum
729 1983 882 2074 habere,
908 1980 991 2075 quia
1008 2002 1078 2058 nec
1095 1984 1166 2057 bo-

28 2132 32 2139 ,
100 2103 201 2179 num.
254 2082 352 2176 Quid
374 2102 494 2173 nunc,
519 2080 706 2156 fiontnenr
730 2081 986 2177 indulgentiam
1006 2080 1171 2157 nubendi

100 2182 149 2255 de
164 2180 250 2271 suo,
275 2179 378 2254 idest
398 2181 615 2257 dehumano
629 2178 730 2255 sensu
746 2181 1018 2275 accommodat,
1043 2202 1090 2256 ex
1102 2202 1169 2255 ne-

101 2278 261 2352 eeffitate
282 2300 351 2371 qua
374 2280 545 2375 diximus,
571 2281 654 2373 quia
672 2282 782 2353 murm
790 2282 835 2375 fir
849 2282 968 2353 nubere
986 2305 1080 2376 quam
1099 2287 1169 2356 uri.

99 2374 272 2469 Denique
304 2378 500 2453 conuersus
537 2379 582 2454 ad
615 2381 761 2455 aiteram
792 2376 945 2473 speciem
978 2380 1166 2475 diceudo,

101 2481 232 2574 Nuptis
254 2498 357 2549 nutem
382 2482 550 2561 denuncio,
576 2504 642 2551 nort
663 2504 728 2574 ego,
747 2480 800 2568 sed
815 2484 976 2550 asininus:
1012 2480 1172 2555 ostendit

99 2576 184 2668 illa,
219 2599 296 2669 quae
327 2576 431 2672 supra
462 2578 603 2653 dixerat
630 2598 707 2655 non
742 2579 929 2657 dominica
962 2580 1168 2655 autoritatis

100 2674 228 2766 mitre,
257 2676 315 2749 sed
336 2680 496 2753 humma
516 2678 768 2755 estimationis.
827 2678 889 2755 Ac
898 2681 961 2757 ubi
984 2680 1029 2755 ad
1047 2681 1167 2753 cunti·

100 2779 262 2853 nentium
283 2777 435 2853 reflectit
451 2783 610 2873 animos,
642 2782 718 2853 Vota
734 2795 837 2851 autem
852 2806 909 2851 vos
922 2782 963 2874 fic
979 2781 1036 2873 ests
1050 2804 1169 2853 omnes.

101 2879 188 2952 Puto
205 2895 331 2957 narem,
367 2880 510 2970 inquit,
543 2879 579 2954 Θ
601 2904 649 2970 ego
663 2880 812 2973 spiritum
838 2884 902 2952 Dei
921 2880 1041 2964 babo,
1071 2880 1167 2955 utfi

101 2973 190 3065 quid
206 2974 397 3047 indulserat
417 2998 462 3050 ex
476 2977 700 3070 necestitate,
727 2978 763 3049 id
780 2977 920 3075 spiritus
938 2976 1044 3055 saneti
1061 2991 1166 3052 auto·

99 3072 211 3147 ritate
222 3087 428 3149 revocarat.
476 3074 548 3147 Sed
567 3076 776 3171 &joannes
792 3097 944 3152 monens
964 3078 1011 3150 src
1026 3098 1096 3150 nos
1111 3078 1168 3163 in·

100 3171 233 3245 cedere
255 3170 412 3266 debere,
446 3174 743 3265 quemadmodum
765 3175 799 3249 δι
821 3177 1012 3271 dominus,
1037 3176 1166 3269 utiquc

101 3270 211 3345 etiam
245 3267 437 3345 secundum
467 3270 684 3349 sandritateru
718 3276 833 3351 carnis
860 3277 1045 3350 admonuit
1069 3278 1169 3351 ince-

100 3370 217 3463 dere,
251 3369 343 3443 adeo
368 3371 579 3466 manifeste,
613 3373 800 3469 demnis,
833 3377 978 3469 inquit,
1011 3381 1069 3475 qui
1082 3379 1170 3474 spem

98 3469 192 3645 {gam
217 3474 255 3539 in
280 3470 331 3540 ido
356 3472 448 3543 hain
478 3473 625 3571 cqit'ficat
646 3477 705 3565 se,
732 3477 816 3572 ficut
840 3476 880 3553 (Ἰ
906 3478 968 3573 ipfe
989 3477 1088 3574 castus
1114 3477 1169 3577 ιβ.

143 3590 198 3643 am
219 3568 255 3642 dt
276 3570 385 3664 alibi,
422 3572 527 3669 Estote
539 3574 648 3663 firnddi
659 3627 671 3662 ,
698 3576 777 3668 ficui
798 3573 838 3652 U
860 3579 909 3646 iile
931 3575 1061 3656 [andins
1078 3576 1168 3669 fuir,

98 3664 238 3743 scilicet
254 3690 371 3746 carne.
420 3672 481 3746 De
496 3672 619 3767 spiritu
631 3674 726 3749 enirn
741 3695 819 3750 non
836 3674 988 3768 dixiffet,
1006 3677 1089 3768 quia
1100 3674 1168 3770 spi-

99 3768 192 3841 ritus
206 3771 306 3842 ultro
321 3768 455 3846 sandius
470 3772 685 3869 agnoscitur,
699 3796 769 3848 nec
784 3774 962 3869 exspectat
973 3774 1169 3852 sanctitatis

100 3864 415 3962 admonitionem,
452 3892 528 3963 quae
547 3874 696 3967 propria
711 3888 839 3947 natura
861 3874 912 3949 est
930 3878 1016 3967 eius.
1068 3875 1172 3951 Cato

99 3976 221 4038 autern
236 3966 390 4046 docetur
402 3970 638 4065 nuditatem,
655 3992 734 4063 quae
748 3972 783 4046 u
797 3976 833 4047 in
846 3971 988 4049 Christo
1004 3974 1075 4048 fuit
1090 3974 1170 4051 san·

99 4060 167 4139 &a
217 4062 501 4161 igitursronnia
514 4070 575 4145 ista
589 4072 785 4145 obliterant
796 4073 978 4149 licentiam
989 4076 1167 4174 nubendi,

100 4162 141 4249 d,
161 4162 375 4241 conditione
389 4170 544 4249 licentio
564 4166 738 4266 insincera,
766 4172 1024 4270 &prelatione
1044 4180 1167 4253 conti·

1027 4297 1113 4351 nen·
