2400 4590
70 545 74 551 .
182 588 542 655 autentus
592 526 938 664 lunatos(
1005 572 1078 665 669

15 735 249 835 prophetiam
265 730 374 807 Esaiae
389 731 543 807 emiliam
555 730 775 826 hujusmodi:
795 733 885 803 Ante
898 732 992 801 lucem
1004 733 1080 817 sur.

10 856 92 934 gant
112 840 151 907 ab
174 860 221 905 ma
246 838 403 919 dicentes,
438 835 556 905 Eamus
580 832 617 908 si
640 850 840 903 revertamur
859 833 899 903 ad
920 832 1079 900 dominum

18 943 151 1024 Deum,
176 939 323 1032 quoniam
344 935 406 1030 ipse
427 940 541 1028 eripiat
563 931 603 1008 di
628 932 772 1000 liberabit
799 954 868 1005 nat.
923 928 1008 1001 Post
1027 930 1080 1001 bi·

18 1037 151 1126 duum,
179 1034 235 1106 die
251 1032 377 1125 tertia,
404 1052 481 1124 quae
503 1030 555 1104 est
575 1027 784 1104 resurreetio
801 1031 898 1123 ejus,
925 1025 1080 1125 gloriose

18 1137 66 1210 de
87 1136 235 1208 terrain
256 1135 368 1204 coelos
391 1138 471 1205 e'um
492 1132 651 1223 recepit,
676 1130 771 1215 unde
789 1126 990 1203 &venerat
1007 1125 1080 1220 ipse

20 1233 185 1329 spiritus,
212 1231 254 1303 ad
275 1231 471 1327 virginem:
498 1231 597 1323 cujus
613 1250 730 1321 neque
748 1230 994 1319 nativitatem,
1019 1248 1081 1301 ne·

20 1357 92 1427 que
117 1331 308 1425 paffionem
329 1330 441 1425 Judaei
468 1343 705 1426 agnoverunt.
771 1330 881 1425 igitur
912 1326 1081 1419 quoniam

21 1433 139 1506 adhuc
163 1428 389 1525 contendunt
406 1428 539 1524 Judaei,
564 1428 716 1501 necdum
736 1425 871 1501 venisse
890 1425 1080 1519 Christum,

22 1552 130 1625 quem
148 1543 208 1601 tot
221 1528 337 1603 modis
351 1528 627 1621 adprobavimus
642 1524 797 1615 venille3
818 1523 1081 1622 recognoscant

22 1631 160 1727 Judaei,
194 1630 329 1701 exitum
353 1625 475 1719 suum,
504 1647 609 1719 quern
634 1625 715 1719 post
739 1626 935 1698 adventum
953 1622 1081 1697 Christi

23 1729 170 1804 telattui
191 1728 496 1820 praecinebantur,
525 1726 574 1799 ob
592 1725 832 1819 impietatem,
861 1746 928 1819 qua
949 1745 1027 1797 euni
1048 1723 1082 1796 dt

25 1827 284 1921 despexerunt,
311 1824 628 1900 &interfecerunt
676 1823 795 1898 Primo
809 1828 922 1919 enim,
949 1844 994 1895 ex
1013 1843 1082 1915 qua

23 1929 85 2002 dio
113 1925 304 2001 secundum
330 1922 460 1997 ditium
484 1918 612 1997 Esaia:
653 1926 788 2021 Proiecit
811 1927 899 1995 boma
922 1929 1082 1998 abomina-

23 2046 133 2100 menta
140 2029 201 2117 sua
216 2052 311 2097 aurea
329 2025 366 2101 di
382 2040 543 2118 argentea,
569 2047 636 2121 qaae
646 2022 814 2116 fecerunt,
839 2029 968 2096 adorare
984 2028 1083 2095 vanis

21 2129 65 2205 <5
82 2130 224 2210 nativit,
259 2124 294 2196 id
314 2122 385 2215 eil,
419 2144 465 2195 ex
488 2143 562 2215 quo
583 2139 706 2219 gentes
730 2143 798 2195 nos
818 2124 1007 2197 dilucidata
1021 2145 1083 2215 pe-

26 2227 149 2317 ctora,
182 2245 246 2319 per
266 2222 394 2297 Christi
411 2224 602 2295 veritatem
624 2224 840 2315 projecimus
859 2224 967 2299 idola.
1018 2216 1086 2294 Vi·'

26 2327 137 2400 deant
154 2324 289 2420 Judaei,
317 2322 351 2394 dt
371 2322 470 2413 quod
485 2321 640 2413 sequimr
655 2321 869 2415 expunltum
889 2322 961 2416 est,
991 2317 1085 2395 Tulit

25 2436 112 2500 enim
126 2426 267 2494 daminus
288 2423 428 2492 Sabaoth
440 2426 478 2491 in
495 2425 619 2516 Judaeis
633 2422 671 2497 d
690 2422 727 2492 ab
745 2424 964 2510 Hierusalem,
989 2424 1084 2494 inter

26 2537 176 2612 cetera,
202 2520 241 2597 (i
256 2519 432 2615 sapientem
453 2517 683 2611 architasium,
709 2527 766 2615 qui
789 2523 921 2611 acdificat
940 2526 1086 2617 accipiam

31 2630 98 2695 Det
125 2624 297 2716 templum,
330 2617 369 2694 U
396 2623 559 2687 civitaltm
578 2618 722 2706 stanbbam
747 2615 786 2694 (5
811 2621 931 2689 domum
954 2625 1086 2700 dammi.

27 2719 125 2796 Nam
147 2720 275 2792 exinde
295 2716 428 2790 destitit
448 2717 541 2808 apud
559 2717 642 2790 illos
659 2716 732 2789 Dei
746 2720 866 2815 gratia.
930 2722 976 2791 Er
997 2745 1087 2791 maa·

29 2825 141 2893 datum
163 2821 202 2917 ιβ
222 2818 381 2900 nabibus,
413 2842 453 2887 ne
472 2818 616 2910 pluerent
634 2816 759 2889 imbrem
777 2820 865 2913 super
884 2823 1011 2889 vineam
1028 2826 1088 2890 Sa·

31 2923 130 3010 rech,
162 2920 197 2992 id
216 2917 267 2993 est
283 2914 480 2990 coelestibus
497 2913 701 3010 beneficiis,
728 2938 774 2990 ne
790 2921 1001 3012 proveniret
1023 2919 1086 2994 do-

29 3040 110 3098 mus
130 3017 274 3093 Israelis.
332 3015 484 3091 Fecerat
501 3016 597 3090 enim
615 3016 751 3108 spinas,
781 3038 825 3089 ex
848 3018 973 3109 quibus
989 3018 1089 3093 Chri·

31 3119 123 3195 stum
146 3132 411 3208 coronaverat,
436 3116 470 3188 &
491 3134 567 3188 non
587 3115 776 3207 justitiam,
803 3113 860 3189 sed
880 3126 1087 3213 clamorem,

32 3239 109 3309 quo
128 3219 165 3290 in
185 3239 293 3291 cruce
312 3238 393 3291 eum
416 3212 636 3303 extorserat,
670 3215 703 3287 δι
726 3216 785 3327 ita
800 3213 980 3291 subtractis
1009 3220 1089 3293 cha·
1149 3226 1176 3235 ““

32 3315 182 3390 rismatis
196 3319 393 3411 prioribus,
412 3316 471 3387 lex
484 3314 517 3386 dt
531 3316 718 3407 prophete
731 3337 844 3406 usque
860 3318 902 3389 ad
912 3319 1089 3412 Joannem

32 3417 210 3507 fuerunt,
247 3417 281 3488 dr
312 3412 444 3507 piscina
467 3412 652 3487 Bethsaida
679 3435 792 3505 usque
824 3415 866 3488 ad
894 3417 1089 3496 adventurn

33 3514 165 3590 Christi
179 3515 337 3588 curando
354 3514 577 3586 valetudines
596 3514 638 3585 ab
651 3512 766 3588 Israel.
817 3513 931 3587 Desrit
947 3537 965 3586 a
984 3519 1091 3592 bene·

33 3616 127 3693 ficiis
147 3614 302 3705 deinde,
341 3634 421 3684 curn
439 3612 701 3704 perseuerantia
726 3613 858 3687 furoris
883 3613 932 3685 sui
955 3638 1091 3696 nomen

35 3715 173 3789 domini
191 3734 255 3809 per
268 3709 361 3808 ipsos
377 3709 684 3806 blasphemaretur.
722 3711 821 3785 Sicut
839 3713 1001 3806 scripturn
1020 3716 1090 3794 est:

35 3814 192 3907 Propter
219 3836 290 3887 vos
316 3834 448 3886 nomen
471 3812 543 3885 Dei
567 3812 826 3907 blasphematur
852 3814 887 3884 in
914 3818 1090 3908 gentihus.

34 3910 100 3989 Ab
121 3915 187 3987 illis
208 3917 301 3988 enim
322 3912 458 4004 incepit
482 3910 653 4003 infamia,
687 3912 720 3984 ἂ
744 3929 885 4006 tempus
900 3915 1092 3993 mediana

34 4010 191 4089 Tiberio
213 4032 326 4103 usque
346 4011 389 4085 ad
406 4007 668 4104 Vespasianum.
699 4014 810 4111 ,Quae
828 4034 909 4085 curn
929 4015 976 4086 ita
995 4036 1092 4091 com·

34 4112 228 4210 misrllent,
261 4131 331 4187 nec
354 4108 608 4187 intellexissent
631 4107 829 4207 Christum,
863 4114 902 4189 in
926 4127 1092 4207 tempore

974 4213 1042 4291 suae
