2400 4590
92 494 160 567 118
237 487 284 586 Q.
311 479 440 623 Sper.
466 480 606 557 Faon.
632 479 1002 556 anruamnrtr
1059 520 1066 543 ·

90 647 193 745 nium
208 660 320 717 unum
339 642 605 735 interceptum,
639 643 769 716 exinde
791 641 889 719 sexui
913 642 1152 719 renuntiatur..

90 744 207 820 Prima
222 738 395 835 felicitas,
420 743 533 835 prima
546 742 731 838 virginitas
745 742 816 838 est,
836 763 913 814 non
926 740 1027 815 nolle
1044 760 1153 832 aquo

90 842 216 941 postea
235 842 377 936 optabis
399 841 567 934 liberari,
593 842 629 913 in
645 855 778 918 totum.
830 840 994 915 Secunda·
1011 841 1155 935 virgini-

90 944 176 1033 tatis
199 941 269 1034 est,
296 955 531 1015 contemnere
552 942 627 1014 vim
646 963 750 1033 quam
771 938 1036 1035 optime'noris.
1087 940 1157 1010 Rc·

67 1045 189 1137 -liqua
210 1040 344 1137 species
369 1040 538 1115 haetenus
562 1041 748 1133 nubendi,
782 1040 864 1135 post
887 1041 1156 1113 matrimonium

92 1157 213 1218 morte
248 1140 484 1233 disjundium,
518 1156 648 1233 praeter
669 1142 822 1213 virtutes
845 1143 950 1213 etiam
975 1139 1157 1213 modestiae

92 1244 169 1319 laus
184 1239 245 1317 est.
297 1239 486 1313 Modestiae
501 1240 594 1315 enirn
608 1243 683 1312 laus
702 1239 751 1312 est
765 1243 922 1313 ablatum
939 1238 1159 1325 nondcsrde·

70 1362 199 1433 rare,
234 1340 269 1413 δι
289 1341 446 1413 ablatum
466 1362 487 1412 a
506 1339 592 1413 Deo
619 1340 789 1433 domino,
816 1341 888 1414 fine
911 1341 1011 1433 cujus
1029 1341 1161 1411 volun·

94 1453 172 1515 tate
187 1462 234 1514 ne
251 1439 380 1515 folium
393 1438 437 1512 de
454 1442 586 1513 arbore
601 1441 753 1536 labitur,
780 1461 849 1514 nec
859 1439 960 1539 paster
971 1435 1044 1532 effu
1061 1444 1163 1509 unius

94 1542 137 1615 ad
152 1559 270 1614 terram
290 1541 382 1609 cadit.

174 1664 205 1716 2.
234 1643 352 1741 Quam
375 1639 528 1733 denique
549 1637 709 1713 modesta
724 1639 784 1713 illa
804 1638 976 1730 vorcest,
1007 1643 1096 1709 Deus
1112 1637 1166 1709 de·

96 1744 167 1839 dit,
193 1742 336 1810 dominus
349 1739 498 1834 abstulit:
524 1739 731 1813 ut-domino
745 1716 858 1815 vistim
872 1740 942 1833 est,
968 1741 1017 1812 ita
1031 1737 1164 1812 facium

97 1841 169 1917 est!
202 1840 291 1914 Idc'o
316 1838 341 1912 st
362 1842 502 1933 nuptias
526 1839 658 1911 ablatas
680 1839 935 1932 restauremus,
962 1838 1032 1912 fine
1051 1838 1163 1911 dubio

98 1953 228 2014 contra
245 1941 472 2011 voluntatem
487 1939 557 2011 Dei
572 1939 740 2030 nitimur,
759 1941 928 2012 volentes
944 1939 1076 2012 habere
1088 1957 1167 2009 rur·

98 2041 177 2134 sus,
204 2039 301 2130 quod
319 2041 449 2112 habere
467 2060 535 2113 nos
551 2038 688 2130 noluit,
716 2039 740 2110 fi
761 2039 854 2112 enim
870 2036 1059 2129 voluiiict,
1086 2059 1167 2111 non

99 2136 311 2214 abstulisset:
346 2139 407 2211 nisr
428 2138 515 2211 &in
530 2138 603 2210 hoc
619 2140 846 2213 voluntatem
864 2139 936 2211 Dei
953 2140 1167 2231 interpreta-

98 2260 208 2332 mur,
243 2238 337 2331 quali
356 2235 473 2310 rursus
495 2237 609 2310 vellet
630 2238 666 2309 in
692 2258 786 2323 nos,
822 2239 921 2328 quod
947 2240 1019 2330 J'am
1045 2236 1169 2311 noluit

98 2338 214 2413 Deus.
266 2336 355 2411 Non
376 2337 427 2410 est
444 2341 549 2410 bonae
572 2335 606 2408 ἃ
626 2334 747 2410 solidae
771 2336 877 2423 fidei,
911 2339 957 2413 src
977 2337 1098 2411 omnia
1124 2336 1170 2410 ad

100 2439 332 2512 voluntatem
351 2436 424 2511 Dei
444 2436 589 2510 referre.
642 2434 692 2508 Et
711 2437 760 2508 ita
783 2439 915 2512 adulari
934 2458 1169 2529 unumquem-

28 2546 31 2557 '
103 2559 195 2631 que,
223 2536 399 2629 dicendo,
431 2538 519 2610 nihil
538 2533 616 2610 fieri
639 2537 709 2610 stne
729 2538 879 2630 jullrone
900 2539 997 2630 ejus:
1032 2551 1170 2609 utnon

103 2638 341 2734 intelligamus
357 2636 488 2730 aliquid
505 2634 575 2711 eise
590 2635 627 2708 in
646 2638 752 2712 nobis
769 2638 859 2731 ipsrs.
913 2637 1090 2710 Caeterum
1108 2656 1169 2708 ex·

105 2735 284 2813 cusabitur
303 2757 412 2810 omne
431 2735 636 2811 deliiiumsr
657 2739 962 2830 continuerimus,
988 2737 1075 2811 nihil
1090 2733 1171 2809 fieri

106 2839 247 2912 anobis
266 2837 338 2910 stne
353 2837 425 2910 Dei
437 2841 642 2911 voluntate.
694 2836 746 2908 At
758 2839 806 2909 ibi
823 2836 984 2911 definitio
999 2836 1095 2909 istam
1113 2836 1172 2908 de-

104 2936 334 3010 struiiionem
351 2937 464 3006 totius
487 2935 695 3027 disciplinae,
724 2939 830 3009 etiam
853 2938 957 3031 ipsrus
979 2937 1071 3029 Dei,
1097 2934 1172 3008 st&

107 3055 185 3127 quae
210 3054 287 3105 non
312 3036 393 3105 vult
416 3035 538 3107 desua
559 3034 751 3107 voluntate
772 3038 964 3130 producit,
1004 3050 1063 3108 aut
1084 3037 1172 3109 nihil

1 3166 13 3183 ·
106 3133 160 3208 est
185 3129 283 3230 quo'd
310 3132 409 3206 Deus
434 3155 511 3207 non
535 3135 626 3206 vult.
670 3131 728 3206 sed
749 3138 935 3228 quomodo
959 3128 1061 3209 vetat
1082 3156 1174 3226 quae·

108 3234 210 3325 dam,
237 3232 364 3325 quibus
383 3234 489 3308 etiam
508 3231 715 3327 supplicium
732 3251 902 3311 aeternum
919 3237 1172 3328 comminatur,

31 3351 34 3357 ·
107 3335 234 3426 utique
251 3333 357 3408 etiam
377 3355 455 3424 quae
471 3347 574 3406 vetat
592 3354 668 3407 non
689 3339 789 3428 vult,
817 3341 982 3431 aquibus
1006 3333 1176 3408 &offen-

110 3435 231 3508 ditur:
266 3433 354 3506 srcut
373 3433 407 3505 &
429 3455 506 3528 quae
526 3435 632 3524 vult,
671 3438 856 3530 praecipit,
891 3436 1103 3527 &accipit,
1141 3435 1175 3508 dt

108 3534 318 3607 aternitatis
333 3534 497 3606 mercede
514 3533 701 3627 dispungit.
752 3538 879 3629 ltaque
896 3559 976 3609 cum
994 3548 1175 3626 utrunque

111 3655 158 3707 ex
177 3635 368 3727 praeceptis
390 3633 464 3725 ejus
497 3633 745 3727 didicerimus,
780 3637 864 3730 quid
887 3637 1002 3727 velit,
1033 3636 1067 3707 &
1093 3633 1179 3726 quid

111 3733 230 3825 nolit,
253 3734 448 3827 jam‘nobis
468 3731 519 3807 est
535 3733 707 3809 voluntas
723 3736 874 3834 eligendi
890 3739 1063 3827 alterum,
1089 3736 1181 3807 sicut

112 3829 281 3923 seriptum
307 3832 375 3909 est:
413 3837 490 3906 lice
509 3834 697 3930 posui'rmle
717 3851 748 3906 te
769 3836 933 3913 bonumir
952 3837 1087 3907 malum.-
1119 3856 1180 3927 gu·

112 3928 207 4006 sttsti
220 3933 314 4007 enim
329 3934 373 4008 de
386 3938 515 4009 arbore
532 3934 740 4027 agnitionis:
769 3935 898 4011 &ideo
915 3957 992 4009 non
1008 3934 1181 4008 debemus

103 4031 215 4140 ‘quod
235 4030 346 4107 nostri
366 4035 566 4132 expositum
588 4031 639 4107 est
654 4035 821 4121 arbitrio,
843 4039 878 4109 in
901 4036 1020 4109 Deum
1045 4035 1183 4108 referre

116 4133 339 4230 voluntate,
369 4155 437 4209 nos
462 4154 554 4230 quos
576 4132 659 4211 vult
675 4131 747 4230 ipse
766 4135 800 4210 δι
820 4139 916 4212 velle
930 4134 1006 4232 est,
1036 4136 1097 4228 qui
1112 4157 1183 4210 ma·

1055 4239 1130 4311 lum
