2400 4590
396 475 767 569 ¹Casurus.
1057 493 1125 565 7η

67 637 227 715 Exhibet
238 638 366 731 uxori,
392 639 480 713 bino
497 640 556 731 qui
571 639 728 735 germine
742 635 853 711 satius

54 736 255 811 'Continuo
275 739 440 833 genitor,
466 739 610 813 diversas
631 756 816 830 nuncupat
832 734 937 811 orsis:

66 837 189 929 Atque
211 836 298 911 Cain
321 839 377 911 hic
396 859 531 912 nomen
546 838 677 929 habet,
703 838 759 909 cui
776 834 916 927 junslus
935 829 1086 912 Abelus.

65 930 245 1011 innocuas
261 938 364 1029 hujus
381 936 544 1011 servabat
561 957 645 1011 cura
658 938 838 1029 bidentes,

65 1035 133 1109 Ast
151 1039 236 1108 alius
254 1058 369 1110 curvo
384 1052 514 1111 terram
530 1038 698 1113 vertebat
712 1053 843 1110 aratro.

65 1135 114 1209 Hi
134 1158 213 1208 cum
231 1151 409 1229 perpetuo
425 1136 561 1211 ferrent
579 1135 638 1211 sua
654 1137 748 1209 dona
761 1134 939 1231 Tonanti,

62 1233 251 1308 Dissimiles
267 1233 401 1310 fruetus
421 1236 518 1309 sensu
539 1236 707 1309 suadente
725 1236 866 1311 dedere.
951 1310 954 1315 ,

65 1330 161 1407 Nam
177 1336 276 1427 prior
289 1338 458 1409 uberibus
478 1336 620 1409 fuerant
638 1356 714 1426 quae
728 1333 870 1429 prosata
884 1335 996 1431 glebis

67 1432 234 1507 Obtulit:
260 1433 310 1507 ast
328 1437 414 1509 alius
432 1438 509 1508 miti
530 1435 562 1509 se
583 1436 747 1509 devovet
767 1454 875 1531 agno,

66 1529 162 1604 Exta
188 1556 295 1606 manu
316 1535 449 1609 fincera
463 1556 612 1631 gerens,
637 1535 881 1627 adimpemque
899 1532 1072 1607 nivalem:

65 1630 334 1724 Confestimque
352 1635 471 1728 placet
486 1633 649 1709 Domino
665 1635 723 1728 pia
739 1648 830 1705 vota
845 1634 973 1707 tuenti.
1134 1686 1155 1727 ,

64 1731 178 1830 Quod
200 1747 349 1823 propter
361 1733 476 1829 gelida
497 1730 584 1805 Cain
604 1733 786 1806 incanduit
804 1734 866 1807 ira.

64 1833 184 1927 Quem
200 1831 300 1903 Deus
317 1833 477 1925 alloquio
499 1832 683 1931 dignatus,
708 1833 837 1904 talibus
852 1827 952 1908 infit:

60 1926 134 2001 Dic
146 1930 252 2023 mihi,
278 1929 303 2003 sr
319 1930 454 2005 rectum
469 1933 594 2025 vivas,
622 1931 783 2004 &noxia
800 1952 939 2023 cernas,

62 2026 209 2125 Degere
222 2050 300 2103 non
318 2030 421 2125 pollis
434 2028 621 2105 contrasto
635 2053 656 2104 a
673 2032 818 2103 crimine
835 2028 972 2123 purus‘l

57 2126 190 2202 Desme
207 2130 365 2204 mordaci
383 2130 529 2206 fratrem
548 2126 747 2223 disperdere
767 2127 883 2203 sensu:

58 2228 135 2398 gni
152 2229 218 2302 tibi
237 2250 304 2303 ceu
320 2231 481 2305 Domino
497 2228 670 2324 subjet‘cus
689 2230 784 2303 colla
804 2229 961 2305 daturus.

102 2348 143 2400 ec
162 2344 280 2402 tamen
298 2329 352 2402 his
371 2328 523 2420 bailus,
551 2328 697 2405 fratrem
717 2328 862 2402 deducit
883 2327 925 2401 ad
943 2349 1044 2421 arva,
1086 2405 1088 2411 s

58 2421 183 2513 Atque
197 2426 258 2497 ubi
278 2426 486 2521 deprensum
500 2426 640 2501 deserto
654 2429 690 2501 in
706 2432 862 2523 gramine
877 2427 983 2520 vidit,

59 2520 173 2619 Elidit
187 2525 335 2617 geminis
354 2524 520 2600 fraudans
539 2526 599 2619 pia
611 2540 757 2623 guttura
772 2526 907 2617 palmis.

60 2623 173 2721 Quod
190 2622 319 2699 rasum
330 2625 512 2700 Dominus
529 2624 624 2699 celso
640 2622 839 2717 speculatus
859 2624 902 2697 ab
917 2623 1009 2719 altu,

57 2720 262 2818 Disquirit,
289 2746 447 2816 quonam
464 2740 638 2799 terrarum
652 2724 758 2819 degat
772 2720 939 2795 Abelus?

54 2820 121 2894 Ille
135 2836 242 2917 negat
256 2824 412 2915 positum
427 2822 610 2899 custodem
624 2820 658 2897 se
672 2822 754 2896 sore
768 2822 898 2897 fratris.

57 2917 126 2993 Cui
146 2921 245 2994 Deus
263 2920 410 2997 effatur:
436 2924 618 2999 Numnam
633 2945 712 2997 vox
733 2920 907 3019 sanguinis
927 2920 1004 3017 ejus

54 3016 117 3090 Ad
132 3042 188 3092 me
204 3020 299 3095 milla
311 3021 434 3114 sonat,
462 3020 662 3116 celsumque
680 3020 838 3097 ascendit
853 3020 897 3094 ad
914 3016 1045 3097 axem?

55 3116 179 3191 Nosce
196 3121 303 3217 igitur
320 3122 481 3197 mansura
498 3122 563 3197 tibi
581 3141 649 3216 pro
669 3122 815 3197 crimine
832 3133 954 3194 tanto:
1030 3213 1034 3219 ‚

55 3214 95 3290 N
97 3240 151 3290 am
167 3222 279 3294 modo
300 3244 378 3315 quae
395 3222 530 3297 maduit
545 3223 701 3319 germani
718 3220 885 3316 sanguine
900 3235 1010 3314 terra,

54 3315 177 3391 Inviso
199 3320 383 3396 maledida
399 3323 465 3396 tibi
483 3320 664 3397 commissa
680 3322 824 3417 negabit

54 3416 214 3509 Semina,
241 3417 469 3516 &assumptis
485 3420 638 3496 frustum
657 3441 733 3494 non
753 3419 917 3513 proferet
931 3417 1064 3495 herbis.

54 3512 240 3610 Torpidus
258 3531 300 3592 ut
316 3520 432 3595 multo
448 3521 623 3595 collidens
642 3518 800 3595 membra
814 3533 985 3593 tremore.

62 3679 1113 3736 mm»
1165 3662 1171 3673 ἱ

243 3938 366 4047 DE
436 3807 920 4048 SOHBOMA.

58 4147 87 4197 r.
151 4148 205 4199 am
219 4126 322 4203 Deus
339 4130 571 4222 omnipotens
587 4120 932 4223 primaevi'tempora
949 4122 1046 4217 secli,

102 4129 148 4341 J
178 4228 329 4305 Vindice
352 4229 514 4323 diluvi0,
536 4224 669 4422 cztnzrsiis
690 4229 905 4305 aboleverat
922 4224 1066 4417 ung&18
