2468 4530
137 584 188 683 96
295 581 344 679 Q.
369 526 500 653 sere.
530 575 668 655 Ftoi.
699 574 1044 657 Traruttrerrr

140 741 259 836 cresis,
284 740 464 815 sedentem
478 760 575 813 nunc
588 739 632 814 ad
648 738 830 815 dexteram
845 743 978 836 patris,
997 756 1193 822 venturum

136 844 296 937 judicare
318 842 429 913 vivos
449 840 483 911 u
504 855 693 931 mortuos,
727 862 791 934 per
816 842 927 913 carnis
956 844 1061 917 etiam
1081 842 1195 916 reserr-

138 942 344 1017 reiiionem.
392 938 471 1012 Hac
483 940 561 1034 lege
575 934 658 1011 fidei
669 955 852 1027 manente,
871 954 997 1023 cetera
1010 942 1080 1034 jam
1096 942 1194 1016 disci-

138 1044 243 1137 plinae
268 1041 301 1112 dr
324 1036 634 1131 conversationis,
668 1038 860 1113 admittunt
886 1042 1087 1114 novitatem
1113 1064 1195 1115 cor-

137 1140 332 1227 rectionis3
370 1152 544 1230 operante
568 1134 701 1214 scilicet
725 1138 760 1211 dr
783 1134 995 1233 proficiente
1020 1144 1195 1232 usquein

137 1239 246 1317 finem
262 1240 374 1335 gratia
389 1238 471 1314 Dei.
525 1238 640 1351 Quale
663 1234 713 1309 est
732 1240 847 1330 enim,
880 1252 922 1309 ut
944 1238 1088 1311 diabolo
1106 1239 1193 1314 sem·

138 1362 203 1435 per
219 1352 392 1431 operante
410 1337 443 1409 da
460 1337 648 1429 adjicrente
663 1337 814 1411 cottidie
828 1337 872 1410 ad
888 1336 1080 1429 iniquitatis
1095 1340 1193 1435 inge·

138 1442 219 1533 nia,
245 1458 337 1531 opus
353 1438 422 1510 Dei
440 1450 503 1507 aut
517 1433 703 1509 cessaverit
721 1452 783 1509 aut
800 1430 979 1529 proficere
995 1436 1193 1512 destiterit?

139 1558 220 1613 curn
236 1550 430 1634 propterea
442 1532 662 1609 Paracletum
678 1532 810 1609 miserit
827 1534 1016 1629 dominus,
1040 1551 1082 1610 ut
1102 1558 1193 1631 quo-

137 1640 232 1713 niam
256 1638 407 1709 humana
427 1632 654 1708 mediocritas
682 1638 802 1708 omnia
830 1627 936 1708 semel
962 1656 1089 1729 capere
1113 1660 1194 1713 non

137 1752 308 1833 poterat,
345 1736 514 1828 paulatim
546 1733 755 1830 dirigeretur
781 1733 815 1804 dr
840 1734 1065 1809 ordinaretur
1089 1736 1123 1811 dr
1147 1738 1195 1813 ad

136 1834 334 1931 perscitum
348 1834 603 1927 perduceretur
617 1829 816 1927 disciplina,
835 1835 878 1906 ab
894 1834 958 1907 illo
974 1836 1111 1910 vicario
1126 1838 1192 1911 do-

136 1936 242 2030 mini,
261 1932 383 2027 spiritu
397 1932 526 2007 sanilo.
578 1934 705 2020 Adhuc,
724 1934 859 2026 inquit,
884 1934 1089 2005 musralraleo
1103 1942 1192 2035 toqui

136 2036 305 2125 vobir,sed
317 2037 453 2103 ezendum
461 2032 587 2131 poirflr'r
598 2059 633 2105 ea
644 2034 802 2131 bajulare:
821 2036 897 2107 Cum
909 2038 1193 2135 verteritisespr'rr'·

136 2154 192 2209 rus
209 2139 381 2221 veritatis,
402 2134 527 2205 deducet
549 2156 606 2205 uos
621 2138 660 2203 e'n
677 2156 797 2205 omnem
810 2136 978 2207 ueritatem
992 2134 1031 2211 di
1040 2136 1191 2233 superve-

135 2240 263 2307 nientia
274 2234 472 2305 renunciabit
482 2230 582 2305 urbis.
606 2228 839 2325 Sed&supra
852 2233 896 2307 de
907 2232 1066 2327 hocejus
1077 2258 1192 2330 opere

136 2330 402 2429 pronunciavit.
459 2334 550 2431 Quae
569 2329 620 2405 est
636 2351 721 2429 ergo
737 2330 910 2407 Paracleti
923 2332 1190 2429 administratio,

136 2434 198 2507 nisr
210 2432 299 2527 haec,
309 2430 407 2526 quod
418 2427 598 2524 disciplina
607 2430 780 2529 dirigitur,
788 2428 1191 2527 scripturaerevelantur,

137 2530 236 2625 quod
247 2529 447 2605 intelledius
462 2528 697 2625 reformatur,
718 2530 815 2625 quod
831 2529 875 2604 ad
886 2532 1035 2606 meliora
1045 2534 1190 2629 prosici-

134 2630 224 2705 tur?
260 2630 362 2705 Nihil
376 2628 448 2705 fine
462 2645 567 2704 aetate
589 2630 659 2725 est,
687 2632 806 2705 omnia
820 2645 960 2727 tempus
976 2632 1188 2727 exspetiant.

134 2727 317 2825 Denique,
326 2726 566 2823 Ecclesiasles,
580 2724 724 2828 limpus,
733 2730 862 2824 inquit,
877 2740 962 2803 omni
977 2737 1031 2807 ni.
1056 2728 1188 2827 Aspic'e

134 2826 244 2925 ipsam
275 2843 473 2904 creaturam
504 2830 672 2925 paulatim
706 2829 750 2903 ad
782 2828 933 2907 studium
963 2834 1185 2925 promoveri.

136 2929 297 3004 Granum
315 2926 365 3003 est
406 2929 523 3023 rimo,
549 2928 644 3003 &de
665 2950 776 3027 grano
794 2930 913 3003 frutex
929 2931 1066 3023 oritur,
1093 2932 1187 3007 &de

133 3028 265 3103 frutice
286 3031 348 3101 arb
389 3028 468 3101 cula
489 3026 647 3103 enititur.
696 3028 840 3101 Deinde
867 3032 956 3103 rami
980 3030 1015 3103 dr
1040 3026 1186 3109 frondea

133 3125 382 3220 invalescunt,
417 3126 451 3199 dt
480 3141 600 3201 totum
629 3129 765 3201 arboris
797 3149 931 3203 nomen
956 3131 1185 3225 expanditur,

133 3226 218 3301 inde
235 3226 400 3323 germinis
419 3240 561 3321 tumor,
587 3226 704 3301 &flos
723 3227 767 3301 de
783 3228 940 3323 germine
955 3226 1127 3323 solvitur,
1153 3228 1187 3303 u

135 3327 181 3401 de
199 3322 291 3399 flore
312 3324 444 3399 studius
468 3328 636 3421 aperitur.
682 3326 717 3401 Is
741 3346 886 3420 quoque
907 3328 1003 3401 rudis
1023 3330 1189 3423 aliquam·
1226 3389 1233 3417 ⁴

134 3424 197 3501 diu
213 3426 248 3498 dt
262 3424 438 3518 insumis,
456 3426 623 3519 paulatim
639 3442 779 3501 aetatem
797 3423 890 3501 suam
907 3426 1082 3523 dirigens,
1110 3448 1187 3503 eru·
1231 3437 1233 3448 '

134 3525 230 3599 ditur
246 3524 283 3599 in
296 3522 598 3599 mansuetudinem
615 3522 759 3618 saporis.
818 3522 877 3599 Sic
890 3525 1066 3619 &justitia
1082 3523 1186 3623 (nam

134 3624 229 3698 idem
249 3624 352 3697 Deus
368 3622 508 3717 justitiae
534 3624 568 3697 dr
594 3622 784 3723 creatura)
811 3626 927 3719 primo
948 3622 1018 3699 fuit
1036 3626 1073 3697 in
1091 3625 1185 3699 rudi·

133 3724 285 3817 mentis,
310 3738 437 3797 natura
452 3722 573 3797 Deum
590 3738 765 3799 metuens.
821 3722 965 3799 Dehinc
985 3742 1047 3817 per
1069 3724 1186 3819 legem

135 3824 171 3896 de
196 3824 390 3917 prophetas
442 3824 605 3897 romovit
633 3824 671 3897 in
697 3823 891 3901 infantiam.
954 3820 1094 3897 Dehine
1120 3842 1186 3917 per

132 3918 371 4018 Evangelium
391 3844 561 3995 efferbuit
577 3924 613 3997 in
631 3924 871 4017 juventutem.
921 3920 1031 3997 Nunc
1045 3941 1110 4015 per
1121 3922 1185 3997 Pa·

132 4022 306 4095 racletum
331 4024 562 4115 componitur
585 4026 623 4096 in
645 4026 896 4099 maturitatem.
955 4022 1025 4095 ilic
1044 4024 1113 4095 erit
1132 4018 1186 4097 so·

131 4118 188 4193 lua
209 4143 229 4194 a
250 4118 390 4195 Christo
411 4118 573 4217 magister
598 4120 768 4195 dicendus
789 4122 823 4195 dr
843 4118 1033 4199 verendus.
1094 4118 1187 4195 Non
1231 4152 1233 4157 ·

132 4222 229 4299 enirn
245 4220 289 4297 eb
309 4218 345 4296 se
364 4220 558 4317 loquetur,
586 4216 741 4333 sedqurt
762 4220 973 4303 mandentur
993 4244 1014 4297 a
1031 4220 1183 4397 ChHriisio.
