2400 4590
98 498 170 587 238
243 488 291 590 Q.
316 485 453 563 Sara.
477 485 621 563 Fron.
646 482 1012 559 Tarruaarnnr

39 688 43 695 ¹
98 675 169 747 que
188 653 227 725 in
247 646 356 723 filium
377 660 535 745 reputo,
569 646 607 721 in
629 660 767 741 patrem
792 647 946 741 proinde
969 634 1156 723 defendar.

96 750 198 829 Eece
222 748 317 825 enim
333 750 373 822 in
386 746 592 845 Evangeliis
612 746 647 819 δι
664 748 701 820 in
715 744 905 840 ·Apostolis
927 745 1102 821 visibilem
1121 746 1159 820 81

97 850 310 927 inviiibiiem
325 847 447 923 Deum
463 846 718 941 deprehend03
749 844 812 920 sub
830 844 1010 919 manifesta
1026 846 1061 918 ἃ
1074 868 1158 939 pet-

98 950 211 1025 ionali
233 946 456 1023 distinetione
479 947 697 1021 conditionis
720 948 915 1039 utriusque.
966 941 1158 1021 Exclamat

99 1047 369 1143 quodammodo
384 1049 584 1145 johannes:
605 1052 708 1117 Deum
720 1071 808 1116 nemo
822 1051 910 1117 vidit
921 1069 1069 1141 unquam,
1086 1048 1159 1120 uti·

99 1171 170 1242 que
186 1168 256 1221 nec
280 1160 392 1235 retro.
444 1144 589 1220 Ademit
607 1147 699 1220 enirn
719 1147 893 1237 temporis
912 1142 1157 1243 quastionenr,

96 1246 255 1322 dicendo
285 1247 468 1320 dominum
493 1267 674 1337 nunquam
705 1243 829 1319 visum.
890 1241 1092 1319 Confirmat
1120 1246 1158 1319 &

97 1345 297 1441 Apostolus
314 1346 361 1421 de
377 1346 481 1433 De03
507 1348 609 1439 Quem
626 1371 713 1415 nemo
728 1352 814 1415 vidit
829 1346 1010 1429 hominum,
1028 1346 1082 1433 sed
1098 1370 1158 1417 mc

98 1450 205 1520 videri
216 1447 328 1543 pansi,
344 1444 478 1519 scilicet
493 1446 574 1537 quia
584 1443 778 1535 morietur,
796 1444 855 1535 qui
871 1444 1020 1517 videbit.
1055 1443 1157 1521 Idem

97 1547 161 1641 ipsi
175 1544 363 1639 Apostoli,
388 1542 559 1620 &vidiffe
573 1538 1088 1619 sechristumncontrenaffe
1104 1560 1159 1619 te-

98 1644 244 1720 stantur.
293 1642 424 1717 ¹Porro
448 1643 475 1717 fi
498 1643 572 1738 ipse
595 1642 647 1717 est
671 1640 827 1715 Christus
852 1656 953 1735 pater
980 1643 1013 1715 ἀ
1038 1640 1156 1739 filius,

100 1745 289 1838 quomodo
312 1740 405 1817 visus
427 1742 477 1817 est
496 1740 701 1821 &invisuri
727 1742 787 1815 Ad
807 1743 900 1816 hanc
913 1743 1157 1821 diversitatem

99 1843 165 1917 visi
187 1844 222 1919 δι
241 1841 342 1916 invisr
361 1846 400 1915 in
416 1864 528 1917 unum
539 1840 822 1934 conferendam,
849 1842 926 1933 quis
944 1863 989 1914 ex
1008 1842 1156 1917 diverso

99 1965 177 2019 non
195 1943 518 2037 argumentabitur,
545 1942 640 2015 reste
656 1955 845 2032 utrumque
863 1940 1012 2029 diiium3
1036 1942 1159 2017 vifibi·

99 2046 172 2117 lem
188 2042 329 2134 quidem
344 2041 382 2113 in
401 2062 528 2134 carne,
553 2041 763 2116 invisibilem
782 2047 976 2113 vernante
992 2060 1156 2115 carnem:

99 2160 144 2216 ut
154 2143 248 2215 idem
260 2141 302 2215 sit
316 2154 417 2234 pater
432 2142 633 2235 invisibilis,
659 2156 742 2214 ante
756 2161 918 2232 carnem,
939 2140 997 2230 qui
1012 2139 1046 2211 &
1060 2138 1157 2215 filius

101 2242 268 2333 visibilis,
294 2242 329 2312 in
352 2260 469 2314 carne.
520 2238 657 2333 Atquin
680 2242 704 2313 sr
726 2239 819 2312 idem
840 2254 922 2312 ante
940 2260 1082 2313 carnem
1105 2242 1156 2315 in·

101 2338 267 2430 visibilis,
297 2338 484 2429 quomodo
505 2338 600 2412 visus
619 2341 724 2412 etiam
744 2354 843 2411 retro
863 2340 1046 2410 invenitur
1070 2354 1156 2413 ante

102 2438 270 2511 carnem?
303 2437 432 2529 Aeque
450 2439 475 2511 fi
495 2438 589 2513 idem
608 2438 690 2531 post
712 2460 853 2510 carnem
874 2438 1037 2528 visibilis,
1066 2460 1157 2530 quo·

100 2537 212 2612 modo
235 2539 269 2609 ἃ
286 2559 384 2611 nunc
397 2539 580 2616 invisibilis
600 2540 860 2633 pronunciatur
877 2540 920 2611 ab
937 2536 1158 2628 Apostolisi

101 2637 164 2709 nisi
180 2637 262 2724 quia
276 2639 363 2710 alius
379 2638 437 2730 qui
453 2638 488 2710 &
503 2656 603 2711 retro
620 2638 715 2711 visus
728 2641 764 2711 in
778 2638 987 2733 aenigmate?
1014 2639 1155 2728 plenius

99 2734 274 2811 visibilem
302 2760 386 2811 caro
413 2737 553 2831 effecit,
588 2738 701 2812 sermo
727 2736 887 2829 scilicet,
923 2737 1042 2828 qui&
1069 2756 1156 2811 caro

101 2833 213 2909 fanus
230 2838 295 2909 est:
322 2840 428 2930 alius,
456 2860 559 2929 quem
574 2858 752 2929 nunquam
766 2840 948 2928 quisquam
962 2836 1076 2928 vidit,
1094 2836 1157 2911 nisr

100 2948 217 3029 pater,
232 2934 367 3007 scilicet
381 2938 480 3027 cujus
495 2937 545 3008 est
558 2934 684 3009 sermo.
735 2936 902 3027 Denique
918 2934 1155 3029 inspiciamus,

103 3054 208 3127 quenr
221 3031 390 3127 Apostoli
403 3034 571 3108 viderint.
618 3037 710 3126 Quod
722 3041 878 3119 vidimus,
897 3035 1012 3126 inquit
1025 3036 1158 3128 Johan·

102 3154 188 3227 nes,
220 3136 299 3230 quad
316 3136 516 3219 audivimus,
547 3134 642 3203 oculis
663 3135 774 3230 nostris
795 3137 957 3218 vidimus,
982 3139 1018 3208 θ
1042 3160 1158 3205 manus

102 3234 212 3331 nostra
233 3230 516 3303 contrafiaverunr
541 3235 576 3302 de
593 3234 733 3321 sermone
755 3240 844 3305 vita.
903 3232 1027 3305 Sermo
1062 3237 1158 3309 enini

103 3336 191 3409 vitae
214 3352 300 3404 caro
317 3328 448 3422 fastus,
475 3332 508 3403 ἀ
531 3333 669 3405 auditus
687 3334 721 3405 ἃ
737 3333 830 3406 visus
846 3332 881 3404 ἀ
899 3332 1156 3425 contrariatur,

104 3433 314 3523 quia.car0;
348 3432 510 3520 quiante
534 3451 676 3506 carnem
698 3431 812 3507 senno
839 3447 1003 3523 tantum,
1033 3435 1070 3503 in
1091 3434 1160 3525 pri·

101 3528 244 3603 mordio
260 3530 351 3621 apud
366 3529 504 3622 Deum,
529 3544 686 3625 patrem,
708 3554 784 3604 non
801 3548 904 3627 pater
920 3531 1011 3624 apud
1028 3529 1157 3605 sermo-

100 3649 195 3703 nem.
245 3626 285 3700 N
287 3650 341 3701 anr
357 3629 391 3701 &
405 3629 430 3701 fi
444 3628 546 3702 Deus
565 3628 702 3724 serrn0,
729 3630 788 3706 sed
808 3631 900 3724 apud
915 3630 1055 3718 Deum,
1077 3633 1159 3723 quia

102 3730 149 3800 e'x
167 3724 255 3799 Deo
276 3728 404 3821 Deus,
439 3730 520 3819 quia
540 3743 760 3822 campane,
793 3730 885 3823 apud
905 3744 1054 3823 patrem.
1110 3732 1161 3803 Et

99 3827 242 3897 vidimus
255 3828 386 3919 glirium
405 3833 490 3921 ejus,
518 3845 676 3923 tamquam
694 3836 851 3922 unigeniti
864 3856 884 3900 a
897 3848 1007 3925 patre,
1033 3831 1173 3923 utique.

101 3922 181 3999 filii:
206 3924 342 3999 scilicet
354 3927 516 4016 visibilis,
534 3924 722 4022 glorificati
738 3950 758 4000 a
772 3942 873 4021 patre
887 3929 1063 4003 invifibili.
1111 3928 1161 4003 Et

99 4023 185 4097 ideo
207 4027 395 4113 quomodo
416 4026 613 4101 sermonem
627 4026 698 4099 Dei
715 4027 836 4101 Deum
858 4027 1016 4119 dixerat,
1042 4043 1086 4100 ut
1103 4029 1164 4102 ad·

98 4124 244 4214 juvaret
259 4122 542 4203 adversariorum
556 4125 888 4223 prasumptionem,
914 4129 1007 4221 quasi
1020 4144 1162 4219 patrem

41 4246 51 4259 ·
553 4284 556 4289 .
997 4226 1112 4321 ipsum

403 4476 478 4506 ⁴¹—-
