2400 4590
111 544 187 659 35¹8
254 548 302 659 Q.
321 550 464 632 Sara.
489 548 632 630 Fron
656 538 1024 629 Tanrunarinr

111 719 261 813 onnia,
286 736 461 811 nusquam
482 715 597 791 adhuc
619 714 701 812 legi.
752 712 930 809 Scriptum
955 710 1026 788 effe
1046 712 1180 793 doceat

107 808 253 907 Hermo
277 816 353 893 enis
380 813 532 891 officina
587 812 724 889 sinon
750 810 802 887 est
822 813 1015 909 scripturn,
1049 816 1182 890 timeat·

106 928 163 995 iva
179 834 277 993 illu}
282 914 503 1015 adjicientibus
522 930 582 987 aar
600 914 841 986 detrahentibus
856 912 1079 990 destinatum.

123 1044 126 1049 ·
175 1040 231 1112 ²3·
244 1015 373 1091 Sedex
383 1012 609 1109 sequentibus
621 1026 901 1109 argumentatur,
913 1013 994 1106 quia
1005 1012 1177 1107 scriptum

107 1118 185 1214 sut,
217 1114 464 1204 Torrentem,
489 1128 560 1187 erat
577 1114 747 1209 invifibiiis
765 1112 805 1190 ὅ
820 1112 1023 1209 incomprfitu.
1077 1114 1176 1194 Nam

100 1220 151 1293 ιά
165 1235 256 1290 rem
274 1228 410 1291 nomen
430 1216 509 1290 redi¹
530 1213 559 1285 it
577 1216 784 1305 materiam,
818 1214 900 1305 quia
919 1224 1015 1286 terra
1034 1210 1077 1288 iit
1097 1234 1175 1307 quae

109 1314 206 1393 fasta
227 1313 278 1390 est
298 1337 346 1390 ex
367 1317 437 1391 illa.
521 1326 538 1385 t
560 1329 649 1405 erar,
673 1314 711 1386 in
727 1313 801 1385 hoc
818 1312 956 1411 dirigit,
985 1313 1078 1406 quafi
1096 1336 1175 1407 quae

109 1418 253 1511 semper
271 1430 372 1488 retro
397 1414 506 1487 fuerit
528 1413 650 1485 innata
670 1412 704 1484 δι
723 1410 862 1485 infetia.
916 1414 1093 1505 Inoifiiiiis
1114 1435 1175 1486 au.

110 1532 189 1591 tem
208 1515 244 1588 u
263 1518 371 1593 ruiis,
391 1513 477 1605 'quia
492 1510 684 1587 informem
704 1511 739 1583 u
759 1509 942 1585 confusam
961 1512 997 1585 u
1010 1513 1173 1587 incondi-

108 1628 188 1689 tam
210 1616 294 1686 vult
317 1609 417 1686 fuiffe
439 1617 634 1687 materiam.
698 1610 772 1685 Has
803 1611 948 1701 quidem
980 1614 1173 1707 opiniones

107 1716 189 1809 ejus
203 1713 400 1811 singiliatim
414 1713 617 1802 revincam,
643 1708 702 1784 ἢὸ
724 1708 867 1784 interim
885 1712 979 1785 volo
999 1713 1047 1787 src
1066 1712 1099 1786 ei
1118 1733 1175 1788 re·

108 1811 301 1906 spondere.
362 1810 530 1886 Putamus
555 1810 609 1885 his
635 1810 791 1884 articulis
816 1812 1001 1885 materiam
1025 1812 1174 1887 demon·

107 1912 224 1989 strati.
262 1910 437 2004 Nunquid
452 1925 590 2003 tamen,
606 1911 687 2003 quia
699 1922 777 1982 erat
790 1920 873 1982 ante
889 1913 1031 2003 omnia,
1050 1910 1174 1987 &tale

106 2012 243 2106 'aliquid
262 2008 331 2084 effe
351 2034 396 2085 ex
415 2033 456 2084 ea
475 2008 606 2083 fartum
620 2006 792 2101 scriptura
806 2005 1005 2106 significati
1029 2007 1173 2101 Atquin

109 2112 200 2185 nihil
222 2112 294 2184 taie
313 2108 496 2207 fignificat.
548 2108 672 2181 Fuerit
691 2109 778 2181 lieet
800 2112 969 2203 materia,
997 2123 1171 2199 quantum

108 2211 172 2284 irbi
200 2212 307 2303 iicet,
341 2211 402 2281 vel
427 2208 550 2300 potius
575 2207 820 2305 Hermogeni,
848 2208 970 2303 potuit
994 2208 1027 2280 δι
1050 2206 1168 2303 fuiffe,

109 2310 146 2382 δι
162 2324 280 2382 tamen
299 2308 385 2379 nihil
406 2307 507 2379 Deus
529 2326 574 2381 ex
595 2309 654 2380 illa
673 2307 814 2402 feciise,
843 2310 905 2381 vei
921 2307 1092 2401 quianon
1108 2307 1170 2382 de·

107 2409 217 2481 cebat
240 2406 358 2479 Deum
384 2409 530 2500 alicujus
553 2406 706 2504 eguiffe,
737 2421 836 2482 cette
856 2409 937 2500 quia
958 2427 1027 2481 nec
1052 2405 1170 2481 osten·

107 2507 207 2579 ditur
224 2509 410 2598 quicquam
431 2528 477 2578 ex
495 2509 641 2582 materia
656 2507 787 2582 fecisse.
837 2506 923 2581 Sine
946 2505 1060 2580 cauffa
1080 2528 1167 2605 ergo

107 2605 198 2680 effer
213 2608 341 2701 inquis.
390 2605 480 2681 Non
493 2610 599 2702 piane
612 2608 703 2682 adeo
719 2609 792 2682 fine
808 2606 933 2683 cauisa.
983 2603 1167 2682 Nam-&fi

107 2707 263 2780 mundus
282 2728 358 2781 non
379 2705 430 2780 est
449 2706 559 2781 facins
583 2732 626 2783 ex
651 2710 727 2782 iila:
763 2706 821 2781 sed
838 2708 974 2783 haerefis
992 2705 1082 2781 faita
1103 2705 1166 2800 est,

106 2807 147 2879 ui
168 2810 309 2899 quidem
335 2808 407 2880 hoc
430 2807 699 2902 impudentior,
734 2807 832 2898 quod
857 2830 933 2880 non
953 2830 998 2880 ex
1021 2807 1167 2879 materia

107 2905 201 3009 faita
234 2906 283 2977 est
314 2907 478 2998 haeresrs‚
514 2906 575 2981 sed
599 2908 781 2980 materiam
804 2904 912 2998 ipsam
935 2906 1058 2999 potius
1096 2907 1164 2978 hae·

107 3004 192 3075 rests
207 3004 305 3075 fecit.

185 3118 241 3188 24.
259 3102 444 3172 Revertor
458 3118 554 3174 nunc
566 3099 608 3173 ad
620 3099 773 3196 singulos
786 3101 977 3191 articulos,
992 3120 1057 3189 per
1072 3118 1165 3190 quos

105 3200 251 3295 putavit
268 3196 495 3291 significatam
515 3196 584 3273 effe
601 3202 809 3291 materiam,
839 3198 873 3271 u
893 3201 1009 3292 primo
1031 3199 1076 3272 de
1097 3223 1166 3275 no·

106 3300 260 3374 minibus
290 3298 537 3389 expostulabo.
597 3297 738 3372 Hontm
770 3298 866 3372 enim
900 3298 1049 3370 aiterum
1081 3302 1165 3397 legi·

106 3420 207 3492 mus,
231 3396 330 3488 quod
350 3395 401 3468 est
416 3410 536 3472 terrae:
563 3400 711 3471 altemm
726 3416 802 3472 non
815 3397 1037 3491 invenimus,
1065 3402 1164 3492 quod

106 3498 160 3571 est
185 3495 350 3571 materia.
401 3500 536 3595 Quaeto
561 3516 649 3595 ergo
676 3518 757 3570 cum
780 3497 937 3572 materiae
962 3501 1163 3573 nominatio

104 3610 183 3673 uon
201 3608 303 3668 extet
317 3596 356 3667 in
375 3595 567 3690 scriptura,
596 3598 786 3689 quomodo
807 3598 841 3670 ei
859 3598 965 3670 etiam
985 3606 1089 3670 terrae
1106 3620 1164 3694 ap·

104 3696 253 3791 pellatio
275 3694 596 3789 adcommodetur,
631 3698 668 3771 in
687 3699 757 3770 aiio
775 3699 847 3790 jam
864 3717 995 3794 genere
1010 3696 1162 3773 substan·

104 3796 165 3867 tiae
180 3794 295 3869 notai
320 3798 409 3896 Quo
424 3797 531 3893 magis
547 3798 702 3871 materie
720 3817 864 3890 quoque
881 3798 1082 3871 nominatio
1102 3821 1162 3873 ex·

103 3892 211 3967 titiffe
236 3897 437 3990 debuerat,
473 3894 667 3970 consecuta
691 3898 797 3972 etiam
822 3913 928 3970 terrae
953 3897 1161 3990 appellatio·

17 4018 22 4031 ¹
102 4016 209 4084 nem,
244 4011 287 4067 ut
307 3994 430 4071 scirem
453 4009 582 4070 terram
605 4016 795 4071 commune
817 4017 898 4072 cum
927 3997 1074 4070 materia
1091 3996 1160 4071 eise

3 4130 7 4135 ·
102 4114 257 4186 nomen,
283 4117 330 4167 ne
350 4097 437 4170 illud
463 4098 496 4170 ei
520 4095 586 4172 soii
609 4096 807 4170 substantie
831 4095 1073 4189 vindicarem,
1101 4117 1161 4169 cu·

98 4194 159 4283 jur
179 4192 437 4290 &proprium
461 4197 500 4271 in
518 4218 587 4291 qua
604 4197 715 4296 magia
732 4210 855 4273 natum
875 4195 947 4271 est:
973 4196 1035 4271 vel
1049 4216 1112 4368 luei
1120 4196 1162 4269 il·

1064 4313 1086 4366 u
