<?xml version="1.0" encoding="UTF-8"?>
<!DOCTYPE html PUBLIC "-//W3C//DTD XHTML 1.0 Transitional//EN"
    "http://www.w3.org/TR/xhtml1/DTD/xhtml1-transitional.dtd">
<html xmlns="http://www.w3.org/1999/xhtml" xml:lang="en" lang="en">
 <head>
  <title>
</title>
<meta http-equiv="Content-Type" content="text/html;charset=utf-8" />
  <meta name='ocr-system' content='tesseract 3.04.00' />
  <meta name='ocr-capabilities' content='ocr_page ocr_carea ocr_par ocr_line ocrx_word'/>
</head>
<body>
  <div class='ocr_page' id='page_1' title='image "./operaomniasanct03librgoog_0560.png"; bbox 0 0 2400 4590; ppageno 0'>
   <div class='ocr_carea' id='block_1_1' title="bbox 204 490 1190 606">
    <p class='ocr_par' dir='ltr' id='par_1_1' title="bbox 204 490 1190 606">
     <span class='ocr_line' id='line_1_1' title="bbox 204 490 1190 606; baseline -0.007 -29"><span class='ocrx_word' id='word_1_1' title='bbox 204 520 266 577; x_wconf 82' lang='lat' dir='ltr'><strong>or</strong></span> <span class='ocrx_word' id='word_1_2' title='bbox 299 490 730 578; x_wconf 79' lang='lat' dir='ltr'><strong>Rrruaarcrrortrt</strong></span> <span class='ocrx_word' id='word_1_3' title='bbox 764 490 956 577; x_wconf 70' lang='lat' dir='ltr'><strong>catria.</strong></span> <span class='ocrx_word' id='word_1_4' title='bbox 992 508 1113 606; x_wconf 53' lang='lat'><strong>¹,2539</strong></span> <span class='ocrx_word' id='word_1_5' title='bbox 1158 512 1190 551; x_wconf 88' lang='lat'><strong>-·</strong></span> 
     </span>
    </p>
   </div>
   <div class='ocr_carea' id='block_1_2' title="bbox 12 656 1164 4319">
    <p class='ocr_par' dir='ltr' id='par_1_2' title="bbox 12 656 1164 4319">
     <span class='ocr_line' id='line_1_2' title="bbox 49 656 1115 759; baseline 0 -24"><span class='ocrx_word' id='word_1_6' title='bbox 49 663 235 759; x_wconf 70' lang='lat' dir='ltr'><strong>-Effundam</strong></span> <span class='ocrx_word' id='word_1_7' title='bbox 253 663 290 734; x_wconf 83' lang='lat' dir='ltr'><strong>de</strong></span> <span class='ocrx_word' id='word_1_8' title='bbox 301 661 423 757; x_wconf 75' lang='lat' dir='ltr'><strong>spirita</strong></span> <span class='ocrx_word' id='word_1_9' title='bbox 442 686 507 734; x_wconf 74' lang='lat' dir='ltr'><strong>meo</strong></span> <span class='ocrx_word' id='word_1_10' title='bbox 524 665 562 733; x_wconf 79' lang='lat' dir='ltr'><strong>in</strong></span> <span class='ocrx_word' id='word_1_11' title='bbox 580 684 700 735; x_wconf 75' lang='lat' dir='ltr'><strong>amm</strong></span> <span class='ocrx_word' id='word_1_12' title='bbox 711 672 848 733; x_wconf 69' lang='lat' dir='ltr'><strong>omem.</strong></span> <span class='ocrx_word' id='word_1_13' title='bbox 897 656 1115 753; x_wconf 78' lang='lat' dir='ltr'><strong>Apostolum</strong></span> 
     </span>
     <span class='ocr_line' id='line_1_3' title="bbox 57 758 1113 860; baseline -0.004 -22"><span class='ocrx_word' id='word_1_14' title='bbox 57 786 217 860; x_wconf 89' lang='lat' dir='ltr'><strong>quoque,</strong></span> <span class='ocrx_word' id='word_1_15' title='bbox 234 784 281 837; x_wconf 90' lang='lat' dir='ltr'><strong>ne</strong></span> <span class='ocrx_word' id='word_1_16' title='bbox 295 760 339 835; x_wconf 89' lang='lat' dir='ltr'><strong>de</strong></span> <span class='ocrx_word' id='word_1_17' title='bbox 353 782 429 835; x_wconf 89' lang='lat' dir='ltr'><strong>uno</strong></span> <span class='ocrx_word' id='word_1_18' title='bbox 441 758 523 837; x_wconf 88' lang='lat' dir='ltr'><strong>stilo</strong></span> <span class='ocrx_word' id='word_1_19' title='bbox 534 760 651 854; x_wconf 76' lang='lat' dir='ltr'><strong>nona,</strong></span> <span class='ocrx_word' id='word_1_20' title='bbox 665 779 894 855; x_wconf 80' lang='lat' dir='ltr'><strong>quocamem</strong></span> <span class='ocrx_word' id='word_1_21' title='bbox 905 760 1113 853; x_wconf 90' lang='lat' dir='ltr'><strong>plerumque</strong></span> 
     </span>
     <span class='ocr_line' id='line_1_4' title="bbox 58 858 1115 959; baseline -0.005 -19"><span class='ocrx_word' id='word_1_22' title='bbox 58 863 278 959; x_wconf 83' lang='lat' dir='ltr'><strong>compungit.</strong></span> <span class='ocrx_word' id='word_1_23' title='bbox 329 860 425 935; x_wconf 90' lang='lat' dir='ltr'><strong>Nam</strong></span> <span class='ocrx_word' id='word_1_24' title='bbox 441 860 503 935; x_wconf 80' lang='lat' dir='ltr'><strong>etsi</strong></span> <span class='ocrx_word' id='word_1_25' title='bbox 521 874 630 959; x_wconf 88' lang='lat' dir='ltr'><strong>negat</strong></span> <span class='ocrx_word' id='word_1_26' title='bbox 648 860 807 935; x_wconf 83' lang='lat' dir='ltr'><strong>habitare</strong></span> <span class='ocrx_word' id='word_1_27' title='bbox 823 858 912 933; x_wconf 92' lang='lat' dir='ltr'><strong>boni</strong></span> <span class='ocrx_word' id='word_1_28' title='bbox 927 860 1115 951; x_wconf 90' lang='lat' dir='ltr'><strong>quicquam</strong></span> 
     </span>
     <span class='ocr_line' id='line_1_5' title="bbox 57 958 1113 1053; baseline -0.008 -14"><span class='ocrx_word' id='word_1_29' title='bbox 57 967 95 1039; x_wconf 90' lang='lat' dir='ltr'><strong>in</strong></span> <span class='ocrx_word' id='word_1_30' title='bbox 120 980 226 1037; x_wconf 87' lang='lat' dir='ltr'><strong>carne</strong></span> <span class='ocrx_word' id='word_1_31' title='bbox 253 960 333 1034; x_wconf 78' lang='lat' dir='ltr'><strong>suat</strong></span> <span class='ocrx_word' id='word_1_32' title='bbox 367 959 428 1034; x_wconf 89' lang='lat' dir='ltr'><strong>etii</strong></span> <span class='ocrx_word' id='word_1_33' title='bbox 452 958 615 1037; x_wconf 86' lang='lat' dir='ltr'><strong>adfirmat</strong></span> <span class='ocrx_word' id='word_1_34' title='bbox 638 982 728 1053; x_wconf 82' lang='lat' dir='ltr'><strong>eor,</strong></span> <span class='ocrx_word' id='word_1_35' title='bbox 761 960 820 1052; x_wconf 93' lang='lat' dir='ltr'><strong>qui</strong></span> <span class='ocrx_word' id='word_1_36' title='bbox 844 959 1009 1033; x_wconf 87' lang='lat' dir='ltr'><strong>incarne</strong></span> <span class='ocrx_word' id='word_1_37' title='bbox 1031 958 1113 1053; x_wconf 87' lang='lat' dir='ltr'><strong>smt,</strong></span> 
     </span>
     <span class='ocr_line' id='line_1_6' title="bbox 57 1055 1119 1155; baseline -0.006 -18"><span class='ocrx_word' id='word_1_38' title='bbox 57 1063 144 1137; x_wconf 88' lang='lat' dir='ltr'><strong>Deo</strong></span> <span class='ocrx_word' id='word_1_39' title='bbox 166 1063 309 1155; x_wconf 90' lang='lat' dir='ltr'><strong>placere</strong></span> <span class='ocrx_word' id='word_1_40' title='bbox 329 1079 406 1135; x_wconf 90' lang='lat' dir='ltr'><strong>non</strong></span> <span class='ocrx_word' id='word_1_41' title='bbox 424 1057 551 1153; x_wconf 82' lang='lat' dir='ltr'><strong>polle:</strong></span> <span class='ocrx_word' id='word_1_42' title='bbox 589 1062 670 1153; x_wconf 89' lang='lat' dir='ltr'><strong>quia</strong></span> <span class='ocrx_word' id='word_1_43' title='bbox 692 1057 923 1153; x_wconf 79' lang='lat' dir='ltr'>concupiscat</span> <span class='ocrx_word' id='word_1_44' title='bbox 946 1055 1119 1131; x_wconf 73' lang='lat' dir='ltr'><strong>adversus</strong></span> 
     </span>
     <span class='ocr_line' id='line_1_7' title="bbox 58 1158 1116 1257; baseline -0.007 -21"><span class='ocrx_word' id='word_1_45' title='bbox 58 1162 235 1257; x_wconf 86' lang='lat' dir='ltr'><strong>spiritum:</strong></span> <span class='ocrx_word' id='word_1_46' title='bbox 261 1158 341 1232; x_wconf 80' lang='lat' dir='ltr'><strong>&amp;sa</strong></span> <span class='ocrx_word' id='word_1_47' title='bbox 364 1178 433 1251; x_wconf 88' lang='lat' dir='ltr'><strong>qua</strong></span> <span class='ocrx_word' id='word_1_48' title='bbox 452 1160 520 1233; x_wconf 86' lang='lat' dir='ltr'><strong>alia</strong></span> <span class='ocrx_word' id='word_1_49' title='bbox 538 1161 590 1233; x_wconf 89' lang='lat' dir='ltr'><strong>ita</strong></span> <span class='ocrx_word' id='word_1_50' title='bbox 606 1159 735 1254; x_wconf 90' lang='lat' dir='ltr'><strong>ponit,</strong></span> <span class='ocrx_word' id='word_1_51' title='bbox 766 1171 809 1233; x_wconf 91' lang='lat' dir='ltr'><strong>ut</strong></span> <span class='ocrx_word' id='word_1_52' title='bbox 831 1158 946 1231; x_wconf 85' lang='lat' dir='ltr'><strong>carnis</strong></span> <span class='ocrx_word' id='word_1_53' title='bbox 964 1178 1042 1231; x_wconf 92' lang='lat' dir='ltr'><strong>non</strong></span> <span class='ocrx_word' id='word_1_54' title='bbox 1063 1170 1116 1229; x_wconf 89' lang='lat' dir='ltr'><strong>ta·</strong></span> 
     </span>
     <span class='ocr_line' id='line_1_8' title="bbox 56 1255 1116 1351; baseline -0.008 -15"><span class='ocrx_word' id='word_1_55' title='bbox 56 1282 140 1337; x_wconf 93' lang='lat' dir='ltr'><strong>men</strong></span> <span class='ocrx_word' id='word_1_56' title='bbox 158 1256 364 1351; x_wconf 88' lang='lat' dir='ltr'><strong>substantia,</strong></span> <span class='ocrx_word' id='word_1_57' title='bbox 391 1255 450 1331; x_wconf 90' lang='lat' dir='ltr'><strong>sed</strong></span> <span class='ocrx_word' id='word_1_58' title='bbox 467 1256 562 1332; x_wconf 67' lang='lat' dir='ltr'><strong>aetus</strong></span> <span class='ocrx_word' id='word_1_59' title='bbox 581 1258 842 1333; x_wconf 85' lang='lat' dir='ltr'><strong>inhonoretur:</strong></span> <span class='ocrx_word' id='word_1_60' title='bbox 865 1256 1022 1341; x_wconf 83' lang='lat' dir='ltr'>dicemus</span> <span class='ocrx_word' id='word_1_61' title='bbox 1040 1255 1116 1348; x_wconf 90' lang='lat' dir='ltr'><strong>qui·</strong></span> 
     </span>
     <span class='ocr_line' id='line_1_9' title="bbox 58 1355 1116 1455; baseline -0.003 -22"><span class='ocrx_word' id='word_1_62' title='bbox 58 1362 141 1434; x_wconf 89' lang='lat' dir='ltr'><strong>dem</strong></span> <span class='ocrx_word' id='word_1_63' title='bbox 160 1358 242 1430; x_wconf 87' lang='lat' dir='ltr'><strong>alibi</strong></span> <span class='ocrx_word' id='word_1_64' title='bbox 255 1358 342 1431; x_wconf 88' lang='lat' dir='ltr'><strong>nihil</strong></span> <span class='ocrx_word' id='word_1_65' title='bbox 355 1356 503 1453; x_wconf 87' lang='lat' dir='ltr'><strong>proprie</strong></span> <span class='ocrx_word' id='word_1_66' title='bbox 518 1358 615 1433; x_wconf 88' lang='lat' dir='ltr'><strong>carni</strong></span> <span class='ocrx_word' id='word_1_67' title='bbox 631 1358 826 1455; x_wconf 85' lang='lat' dir='ltr'><strong>exprobari</strong></span> <span class='ocrx_word' id='word_1_68' title='bbox 837 1371 1032 1450; x_wconf 83' lang='lat' dir='ltr'><strong>oportere,</strong></span> <span class='ocrx_word' id='word_1_69' title='bbox 1052 1355 1116 1430; x_wconf 83' lang='lat' dir='ltr'><strong>nist</strong></span> 
     </span>
     <span class='ocr_line' id='line_1_10' title="bbox 57 1454 1117 1552; baseline -0.006 -20"><span class='ocrx_word' id='word_1_70' title='bbox 57 1463 97 1532; x_wconf 93' lang='lat' dir='ltr'><strong>in</strong></span> <span class='ocrx_word' id='word_1_71' title='bbox 117 1460 239 1531; x_wconf 81' lang='lat' dir='ltr'><strong>animae</strong></span> <span class='ocrx_word' id='word_1_72' title='bbox 256 1455 554 1552; x_wconf 86' lang='lat' dir='ltr'><strong>suggillationem,</strong></span> <span class='ocrx_word' id='word_1_73' title='bbox 579 1478 657 1549; x_wconf 70' lang='lat' dir='ltr'><strong>que</strong></span> <span class='ocrx_word' id='word_1_74' title='bbox 676 1476 820 1531; x_wconf 87' lang='lat' dir='ltr'><strong>carnem</strong></span> <span class='ocrx_word' id='word_1_75' title='bbox 839 1455 1033 1531; x_wconf 85' lang='lat' dir='ltr'><strong>ministerio</strong></span> <span class='ocrx_word' id='word_1_76' title='bbox 1052 1454 1117 1527; x_wconf 83' lang='lat' dir='ltr'><strong>irbi</strong></span> 
     </span>
     <span class='ocr_line' id='line_1_11' title="bbox 57 1546 1115 1653; baseline -0.007 -21"><span class='ocrx_word' id='word_1_77' title='bbox 57 1557 198 1653; x_wconf 86' lang='lat' dir='ltr'><strong>subigit.</strong></span> <span class='ocrx_word' id='word_1_78' title='bbox 258 1556 392 1629; x_wconf 90' lang='lat' dir='ltr'><strong>Verum</strong></span> <span class='ocrx_word' id='word_1_79' title='bbox 408 1556 551 1631; x_wconf 88' lang='lat' dir='ltr'><strong>interim</strong></span> <span class='ocrx_word' id='word_1_80' title='bbox 571 1556 606 1631; x_wconf 81' lang='lat' dir='ltr'><strong>dr</strong></span> <span class='ocrx_word' id='word_1_81' title='bbox 623 1556 662 1630; x_wconf 91' lang='lat' dir='ltr'><strong>in</strong></span> <span class='ocrx_word' id='word_1_82' title='bbox 684 1556 752 1630; x_wconf 86' lang='lat' dir='ltr'><strong>illis</strong></span> <span class='ocrx_word' id='word_1_83' title='bbox 772 1555 885 1629; x_wconf 83' lang='lat' dir='ltr'><strong>literis</strong></span> <span class='ocrx_word' id='word_1_84' title='bbox 899 1546 1026 1631; x_wconf 71' lang='lat' dir='ltr'><strong>lautus</strong></span> <span class='ocrx_word' id='word_1_85' title='bbox 1050 1552 1115 1647; x_wconf 70' lang='lat' dir='ltr'><strong>est,</strong></span> 
     </span>
     <span class='ocr_line' id='line_1_12' title="bbox 61 1653 1138 1755; baseline -0.007 -24"><span class='ocrx_word' id='word_1_86' title='bbox 61 1680 143 1731; x_wconf 92' lang='lat' dir='ltr'><strong>cum</strong></span> <span class='ocrx_word' id='word_1_87' title='bbox 159 1655 318 1751; x_wconf 87' lang='lat' dir='ltr'><strong>stigmata</strong></span> <span class='ocrx_word' id='word_1_88' title='bbox 330 1653 458 1729; x_wconf 82' lang='lat' dir='ltr'><strong>cnriffi</strong></span> <span class='ocrx_word' id='word_1_89' title='bbox 471 1658 509 1730; x_wconf 90' lang='lat' dir='ltr'><strong>in</strong></span> <span class='ocrx_word' id='word_1_90' title='bbox 522 1674 679 1749; x_wconf 87' lang='lat' dir='ltr'><strong>corpore</strong></span> <span class='ocrx_word' id='word_1_91' title='bbox 692 1653 756 1729; x_wconf 91' lang='lat' dir='ltr'><strong>suo</strong></span> <span class='ocrx_word' id='word_1_92' title='bbox 772 1670 914 1749; x_wconf 84' lang='lat' dir='ltr'><strong>portat:</strong></span> <span class='ocrx_word' id='word_1_93' title='bbox 937 1674 1017 1728; x_wconf 93' lang='lat' dir='ltr'><strong>cum</strong></span> <span class='ocrx_word' id='word_1_94' title='bbox 1035 1674 1117 1725; x_wconf 92' lang='lat' dir='ltr'><strong>cor·</strong></span> <span class='ocrx_word' id='word_1_95' title='bbox 1134 1746 1138 1755; x_wconf 17' lang='grc' dir='ltr'>ἱ</span> 
     </span>
     <span class='ocr_line' id='line_1_13' title="bbox 59 1752 1117 1851; baseline -0.003 -24"><span class='ocrx_word' id='word_1_96' title='bbox 59 1760 134 1851; x_wconf 85' lang='lat' dir='ltr'><strong>pus&#39;</strong></span> <span class='ocrx_word' id='word_1_97' title='bbox 144 1755 302 1827; x_wconf 89' lang='lat' dir='ltr'><strong>nostrum</strong></span> <span class='ocrx_word' id='word_1_98' title='bbox 323 1769 366 1827; x_wconf 91' lang='lat' dir='ltr'><strong>ut</strong></span> <span class='ocrx_word' id='word_1_99' title='bbox 380 1752 450 1828; x_wconf 90' lang='lat' dir='ltr'><strong>Dei</strong></span> <span class='ocrx_word' id='word_1_100' title='bbox 466 1756 637 1847; x_wconf 83' lang='lat' dir='ltr'><strong>templum</strong></span> <span class='ocrx_word' id='word_1_101' title='bbox 653 1754 775 1829; x_wconf 85' lang='lat' dir='ltr'><strong>vitiari</strong></span> <span class='ocrx_word' id='word_1_102' title='bbox 790 1768 911 1827; x_wconf 87' lang='lat' dir='ltr'><strong>vetat:</strong></span> <span class='ocrx_word' id='word_1_103' title='bbox 938 1774 1019 1826; x_wconf 91' lang='lat' dir='ltr'><strong>cum</strong></span> <span class='ocrx_word' id='word_1_104' title='bbox 1037 1772 1117 1826; x_wconf 92' lang='lat' dir='ltr'><strong>cor-</strong></span> 
     </span>
     <span class='ocr_line' id='line_1_14' title="bbox 59 1848 1118 1951; baseline -0.006 -23"><span class='ocrx_word' id='word_1_105' title='bbox 59 1874 153 1951; x_wconf 90' lang='lat' dir='ltr'><strong>pora</strong></span> <span class='ocrx_word' id='word_1_106' title='bbox 166 1852 305 1947; x_wconf 88' lang='lat' dir='ltr'><strong>nostra,</strong></span> <span class='ocrx_word' id='word_1_107' title='bbox 329 1855 490 1939; x_wconf 82' lang='lat' dir='ltr'><strong>membra</strong></span> <span class='ocrx_word' id='word_1_108' title='bbox 500 1852 628 1929; x_wconf 88' lang='lat' dir='ltr'><strong>Christi</strong></span> <span class='ocrx_word' id='word_1_109' title='bbox 641 1853 747 1928; x_wconf 85' lang='lat' dir='ltr'><strong>facit:</strong></span> <span class='ocrx_word' id='word_1_110' title='bbox 778 1872 859 1927; x_wconf 89' lang='lat' dir='ltr'><strong>cum</strong></span> <span class='ocrx_word' id='word_1_111' title='bbox 870 1848 998 1926; x_wconf 83' lang='lat' dir='ltr'><strong>monet</strong></span> <span class='ocrx_word' id='word_1_112' title='bbox 1012 1856 1118 1923; x_wconf 77' lang='lat' dir='ltr'><strong>rodere</strong></span> 
     </span>
     <span class='ocr_line' id='line_1_15' title="bbox 59 1952 1119 2052; baseline 0.002 -29"><span class='ocrx_word' id='word_1_113' title='bbox 59 1953 102 2031; x_wconf 58' lang='grc' dir='ltr'><em>ὅ</em></span> <span class='ocrx_word' id='word_1_114' title='bbox 119 1954 315 2049; x_wconf 70' lang='lat' dir='ltr'><strong>magnficarc</strong></span> <span class='ocrx_word' id='word_1_115' title='bbox 329 1956 435 2025; x_wconf 75' lang='lat' dir='ltr'><strong>Deum</strong></span> <span class='ocrx_word' id='word_1_116' title='bbox 449 1960 487 2024; x_wconf 84' lang='lat' dir='ltr'><strong>in</strong></span> <span class='ocrx_word' id='word_1_117' title='bbox 500 1974 621 2049; x_wconf 76' lang='lat' dir='ltr'><strong>corpere</strong></span> <span class='ocrx_word' id='word_1_118' title='bbox 633 1954 742 2052; x_wconf 71' lang='lat' dir='ltr'><strong>nostra.</strong></span> <span class='ocrx_word' id='word_1_119' title='bbox 769 2012 772 2017; x_wconf 91' lang='lat'>.</span> <span class='ocrx_word' id='word_1_120' title='bbox 791 1952 953 2044; x_wconf 82' lang='lat' dir='ltr'><strong>ltaquefi</strong></span> <span class='ocrx_word' id='word_1_121' title='bbox 969 1953 1119 2048; x_wconf 85' lang='lat' dir='ltr'><strong>ignomi-</strong></span> 
     </span>
     <span class='ocr_line' id='line_1_16' title="bbox 58 2050 1120 2147; baseline -0.005 -17"><span class='ocrx_word' id='word_1_122' title='bbox 58 2055 129 2130; x_wconf 83' lang='lat' dir='ltr'><strong>niae</strong></span> <span class='ocrx_word' id='word_1_123' title='bbox 151 2052 265 2127; x_wconf 84' lang='lat' dir='ltr'><strong>carnis</strong></span> <span class='ocrx_word' id='word_1_124' title='bbox 290 2050 583 2127; x_wconf 70' lang='lat' dir='ltr'><strong>resurredionem</strong></span> <span class='ocrx_word' id='word_1_125' title='bbox 604 2054 680 2145; x_wconf 76' lang='lat' dir='ltr'><strong>eiua</strong></span> <span class='ocrx_word' id='word_1_126' title='bbox 709 2052 918 2147; x_wconf 89' lang='lat' dir='ltr'><strong>expellunt,</strong></span> <span class='ocrx_word' id='word_1_127' title='bbox 952 2072 1016 2125; x_wconf 92' lang='lat' dir='ltr'><strong>cur</strong></span> <span class='ocrx_word' id='word_1_128' title='bbox 1041 2052 1120 2126; x_wconf 82' lang='lat' dir='ltr'><strong>noir</strong></span> 
     </span>
     <span class='ocr_line' id='line_1_17' title="bbox 62 2150 1119 2250; baseline -0.003 -22"><span class='ocrx_word' id='word_1_129' title='bbox 62 2154 250 2250; x_wconf 85' lang='lat' dir='ltr'><strong>dignitates</strong></span> <span class='ocrx_word' id='word_1_130' title='bbox 264 2152 386 2243; x_wconf 88' lang='lat' dir='ltr'><strong>potius</strong></span> <span class='ocrx_word' id='word_1_131' title='bbox 398 2150 595 2227; x_wconf 75' lang='lat' dir='ltr'><strong>inducenti</strong></span> <span class='ocrx_word' id='word_1_132' title='bbox 614 2152 798 2247; x_wconf 87' lang='lat' dir='ltr'><strong>Quoniam</strong></span> <span class='ocrx_word' id='word_1_133' title='bbox 810 2150 894 2224; x_wconf 89' lang='lat' dir='ltr'><strong>Deo</strong></span> <span class='ocrx_word' id='word_1_134' title='bbox 907 2153 1015 2247; x_wconf 86' lang='lat' dir='ltr'><strong>magis</strong></span> <span class='ocrx_word' id='word_1_135' title='bbox 1032 2173 1119 2225; x_wconf 91' lang='lat' dir='ltr'><strong>con·</strong></span> 
     </span>
     <span class='ocr_line' id='line_1_18' title="bbox 61 2250 1164 2352; baseline 0.002 -29"><span class='ocrx_word' id='word_1_136' title='bbox 61 2256 157 2352; x_wconf 86' lang='lat' dir='ltr'><strong>gruit</strong></span> <span class='ocrx_word' id='word_1_137' title='bbox 171 2255 208 2324; x_wconf 96' lang='lat' dir='ltr'><strong>in</strong></span> <span class='ocrx_word' id='word_1_138' title='bbox 225 2251 370 2325; x_wconf 88' lang='lat' dir='ltr'><strong>salutem</strong></span> <span class='ocrx_word' id='word_1_139' title='bbox 384 2251 565 2349; x_wconf 74' lang='lat' dir='ltr'><strong>redigere,</strong></span> <span class='ocrx_word' id='word_1_140' title='bbox 591 2250 689 2344; x_wconf 89' lang='lat' dir='ltr'><strong>quod</strong></span> <span class='ocrx_word' id='word_1_141' title='bbox 710 2252 911 2343; x_wconf 90' lang='lat' dir='ltr'><strong>reprobarit</strong></span> <span class='ocrx_word' id='word_1_142' title='bbox 925 2251 1119 2344; x_wconf 88' lang='lat' dir='ltr'><strong>interdum,</strong></span> <span class='ocrx_word' id='word_1_143' title='bbox 1156 2327 1164 2343; x_wconf 65' lang='grc'><strong>,</strong></span> 
     </span>
     <span class='ocr_line' id='line_1_19' title="bbox 63 2350 1119 2445; baseline 0.001 -22"><span class='ocrx_word' id='word_1_144' title='bbox 63 2373 168 2445; x_wconf 90' lang='lat' dir='ltr'><strong>quam</strong></span> <span class='ocrx_word' id='word_1_145' title='bbox 186 2353 222 2422; x_wconf 93' lang='lat' dir='ltr'><strong>in</strong></span> <span class='ocrx_word' id='word_1_146' title='bbox 246 2351 486 2443; x_wconf 88' lang='lat' dir='ltr'><strong>perditionem</strong></span> <span class='ocrx_word' id='word_1_147' title='bbox 503 2351 655 2445; x_wconf 88' lang='lat' dir='ltr'><strong>debere,</strong></span> <span class='ocrx_word' id='word_1_148' title='bbox 681 2350 907 2443; x_wconf 88' lang='lat' dir='ltr'><strong>quodetiam</strong></span> <span class='ocrx_word' id='word_1_149' title='bbox 928 2352 1119 2445; x_wconf 89' lang='lat' dir='ltr'><strong>aliquando</strong></span> 
     </span>
     <span class='ocr_line' id='line_1_20' title="bbox 86 2454 245 2524; baseline 0 -1"><span class='ocrx_word' id='word_1_150' title='bbox 86 2454 245 2524; x_wconf 84' lang='lat' dir='ltr'><strong>robavit.</strong></span> 
     </span>
     <span class='ocr_line' id='line_1_21' title="bbox 61 2473 1122 2644; baseline -0.005 -20"><span class='ocrx_word' id='word_1_151' title='bbox 61 2473 86 2548; x_wconf 65' lang='lat' dir='ltr'><strong>p</strong></span> <span class='ocrx_word' id='word_1_152' title='bbox 142 2573 197 2624; x_wconf 82' lang='lat'><strong>11.</strong></span> <span class='ocrx_word' id='word_1_153' title='bbox 226 2549 421 2640; x_wconf 84' lang='lat' dir='ltr'><strong>Hucusque</strong></span> <span class='ocrx_word' id='word_1_154' title='bbox 435 2548 480 2623; x_wconf 92' lang='lat' dir='ltr'><strong>de</strong></span> <span class='ocrx_word' id='word_1_155' title='bbox 492 2547 677 2644; x_wconf 77' lang='lat' dir='ltr'><strong>praeconio</strong></span> <span class='ocrx_word' id='word_1_156' title='bbox 693 2548 807 2624; x_wconf 85' lang='lat' dir='ltr'><strong>carnis</strong></span> <span class='ocrx_word' id='word_1_157' title='bbox 823 2546 989 2620; x_wconf 83' lang='lat' dir='ltr'><strong>adversus</strong></span> <span class='ocrx_word' id='word_1_158' title='bbox 1009 2549 1122 2620; x_wconf 89' lang='lat' dir='ltr'><strong>inimi-</strong></span> 
     </span>
     <span class='ocr_line' id='line_1_22' title="bbox 64 2647 1122 2743; baseline -0.004 -19"><span class='ocrx_word' id='word_1_159' title='bbox 64 2670 159 2743; x_wconf 84' lang='lat' dir='ltr'><strong>tos,</strong></span> <span class='ocrx_word' id='word_1_160' title='bbox 185 2650 220 2721; x_wconf 67' lang='grc' dir='ltr'>ἃ</span> <span class='ocrx_word' id='word_1_161' title='bbox 243 2649 471 2721; x_wconf 75' lang='lat' dir='ltr'><strong>nihilominus</strong></span> <span class='ocrx_word' id='word_1_162' title='bbox 496 2648 714 2724; x_wconf 85' lang='lat' dir='ltr'><strong>amiciffimos</strong></span> <span class='ocrx_word' id='word_1_163' title='bbox 738 2649 825 2740; x_wconf 75' lang='lat' dir='ltr'><strong>eiua.</strong></span> <span class='ocrx_word' id='word_1_164' title='bbox 881 2647 1003 2719; x_wconf 92' lang='lat' dir='ltr'><strong>Nemo</strong></span> <span class='ocrx_word' id='word_1_165' title='bbox 1026 2649 1122 2720; x_wconf 91' lang='lat' dir='ltr'><strong>enim</strong></span> 
     </span>
     <span class='ocr_line' id='line_1_23' title="bbox 64 2745 1121 2845; baseline -0.006 -21"><span class='ocrx_word' id='word_1_166' title='bbox 64 2766 136 2824; x_wconf 91' lang='lat' dir='ltr'><strong>tam</strong></span> <span class='ocrx_word' id='word_1_167' title='bbox 162 2749 349 2823; x_wconf 86' lang='lat' dir='ltr'><strong>carnaliter</strong></span> <span class='ocrx_word' id='word_1_168' title='bbox 371 2747 487 2840; x_wconf 84' lang='lat' dir='ltr'><strong>vivit,</strong></span> <span class='ocrx_word' id='word_1_169' title='bbox 518 2769 622 2841; x_wconf 87' lang='lat' dir='ltr'><strong>quam</strong></span> <span class='ocrx_word' id='word_1_170' title='bbox 645 2751 705 2840; x_wconf 93' lang='lat' dir='ltr'><strong>qui</strong></span> <span class='ocrx_word' id='word_1_171' title='bbox 726 2762 859 2845; x_wconf 90' lang='lat' dir='ltr'><strong>negant</strong></span> <span class='ocrx_word' id='word_1_172' title='bbox 875 2746 991 2820; x_wconf 88' lang='lat' dir='ltr'><strong>carnis</strong></span> <span class='ocrx_word' id='word_1_173' title='bbox 1012 2745 1121 2818; x_wconf 87' lang='lat' dir='ltr'><strong>resur-</strong></span> 
     </span>
     <span class='ocr_line' id='line_1_24' title="bbox 62 2845 1123 2944; baseline -0.004 -23"><span class='ocrx_word' id='word_1_174' title='bbox 62 2850 270 2923; x_wconf 74' lang='lat' dir='ltr'><strong>rectionem.</strong></span> <span class='ocrx_word' id='word_1_175' title='bbox 320 2846 504 2944; x_wconf 82' lang='lat' dir='ltr'><strong>Negantes</strong></span> <span class='ocrx_word' id='word_1_176' title='bbox 519 2850 613 2921; x_wconf 89' lang='lat' dir='ltr'><strong>enim</strong></span> <span class='ocrx_word' id='word_1_177' title='bbox 625 2866 788 2941; x_wconf 88' lang='lat' dir='ltr'><strong>poenam,</strong></span> <span class='ocrx_word' id='word_1_178' title='bbox 815 2845 1123 2941; x_wconf 88' lang='lat' dir='ltr'><strong>despiciunt&amp;di·</strong></span> 
     </span>
     <span class='ocr_line' id='line_1_25' title="bbox 65 2946 1123 3041; baseline -0.006 -18"><span class='ocrx_word' id='word_1_179' title='bbox 65 2948 256 3041; x_wconf 87' lang='lat' dir='ltr'><strong>sciplimun.</strong></span> <span class='ocrx_word' id='word_1_180' title='bbox 320 2946 378 3020; x_wconf 89' lang='lat' dir='ltr'><strong>De</strong></span> <span class='ocrx_word' id='word_1_181' title='bbox 403 2948 529 3038; x_wconf 90' lang='lat' dir='ltr'><strong>quibus</strong></span> <span class='ocrx_word' id='word_1_182' title='bbox 551 2948 753 3021; x_wconf 87' lang='lat' dir='ltr'><strong>luculenter</strong></span> <span class='ocrx_word' id='word_1_183' title='bbox 777 2947 1035 3040; x_wconf 84' lang='lat' dir='ltr'><strong>&amp;paracletus</strong></span> <span class='ocrx_word' id='word_1_184' title='bbox 1058 2966 1123 3040; x_wconf 91' lang='lat' dir='ltr'><strong>per</strong></span> 
     </span>
     <span class='ocr_line' id='line_1_26' title="bbox 64 3044 1124 3140; baseline -0.005 -17"><span class='ocrx_word' id='word_1_185' title='bbox 64 3046 320 3140; x_wconf 87' lang='lat' dir='ltr'><strong>Prophetidem</strong></span> <span class='ocrx_word' id='word_1_186' title='bbox 335 3044 505 3139; x_wconf 84' lang='lat' dir='ltr'><strong>Priscam,</strong></span> <span class='ocrx_word' id='word_1_187' title='bbox 534 3050 653 3121; x_wconf 76' lang='lat' dir='ltr'><strong>Currus</strong></span> <span class='ocrx_word' id='word_1_188' title='bbox 661 3048 760 3136; x_wconf 76' lang='lat' dir='ltr'><strong>sunt,</strong></span> <span class='ocrx_word' id='word_1_189' title='bbox 788 3044 827 3123; x_wconf 63' lang='grc' dir='ltr'><strong>(Ἰ</strong></span> <span class='ocrx_word' id='word_1_190' title='bbox 839 3072 964 3119; x_wconf 85' lang='lat' dir='ltr'><strong>carnem</strong></span> <span class='ocrx_word' id='word_1_191' title='bbox 979 3050 1124 3119; x_wconf 81' lang='lat' dir='ltr'><strong>oderant.</strong></span> 
     </span>
     <span class='ocr_line' id='line_1_27' title="bbox 68 3144 1124 3242; baseline -0.002 -25"><span class='ocrx_word' id='word_1_192' title='bbox 68 3150 185 3242; x_wconf 88' lang='lat' dir='ltr'><strong>Quam</strong></span> <span class='ocrx_word' id='word_1_193' title='bbox 206 3148 229 3219; x_wconf 78' lang='lat' dir='ltr'><strong>st</strong></span> <span class='ocrx_word' id='word_1_194' title='bbox 251 3161 352 3219; x_wconf 89' lang='lat' dir='ltr'><strong>tanta</strong></span> <span class='ocrx_word' id='word_1_195' title='bbox 375 3144 566 3221; x_wconf 71' lang='lat' dir='ltr'><strong>auctoritas</strong></span> <span class='ocrx_word' id='word_1_196' title='bbox 587 3149 722 3241; x_wconf 92' lang='lat' dir='ltr'><strong>munit,</strong></span> <span class='ocrx_word' id='word_1_197' title='bbox 749 3163 881 3240; x_wconf 89' lang='lat' dir='ltr'><strong>quanta</strong></span> <span class='ocrx_word' id='word_1_198' title='bbox 896 3148 945 3220; x_wconf 92' lang='lat' dir='ltr'><strong>illi</strong></span> <span class='ocrx_word' id='word_1_199' title='bbox 960 3147 1003 3220; x_wconf 91' lang='lat' dir='ltr'><strong>ad</strong></span> <span class='ocrx_word' id='word_1_200' title='bbox 1020 3147 1124 3221; x_wconf 89' lang='lat' dir='ltr'><strong>meri·</strong></span> 
     </span>
     <span class='ocr_line' id='line_1_28' title="bbox 67 3243 1125 3341; baseline -0.001 -24"><span class='ocrx_word' id='word_1_201' title='bbox 67 3260 145 3317; x_wconf 93' lang='lat' dir='ltr'><strong>tum</strong></span> <span class='ocrx_word' id='word_1_202' title='bbox 169 3243 285 3317; x_wconf 85' lang='lat' dir='ltr'><strong>salutis</strong></span> <span class='ocrx_word' id='word_1_203' title='bbox 316 3246 535 3338; x_wconf 85' lang='lat' dir='ltr'><strong>patrocinari</strong></span> <span class='ocrx_word' id='word_1_204' title='bbox 565 3246 694 3341; x_wconf 85' lang='lat' dir='ltr'><strong>poffit,</strong></span> <span class='ocrx_word' id='word_1_205' title='bbox 728 3246 887 3339; x_wconf 90' lang='lat' dir='ltr'><strong>nunquid</strong></span> <span class='ocrx_word' id='word_1_206' title='bbox 921 3248 1025 3318; x_wconf 89' lang='lat' dir='ltr'><strong>etiam</strong></span> <span class='ocrx_word' id='word_1_207' title='bbox 1053 3246 1125 3317; x_wconf 92' lang='lat' dir='ltr'><strong>Dei</strong></span> 
     </span>
     <span class='ocr_line' id='line_1_29' title="bbox 64 3344 1124 3441; baseline -0.002 -22"><span class='ocrx_word' id='word_1_208' title='bbox 64 3344 171 3436; x_wconf 76' lang='lat' dir='ltr'><strong>ipsius</strong></span> <span class='ocrx_word' id='word_1_209' title='bbox 190 3348 409 3440; x_wconf 86' lang='lat' dir='ltr'><strong>potentiam,</strong></span> <span class='ocrx_word' id='word_1_210' title='bbox 442 3345 725 3441; x_wconf 64' lang='lat' dir='ltr'><strong>&amp;potestatem</strong></span> <span class='ocrx_word' id='word_1_211' title='bbox 752 3346 786 3419; x_wconf 75' lang='grc' dir='ltr'><strong>δι</strong></span> <span class='ocrx_word' id='word_1_212' title='bbox 806 3347 984 3420; x_wconf 85' lang='lat' dir='ltr'><strong>licentiam</strong></span> <span class='ocrx_word' id='word_1_213' title='bbox 1001 3366 1124 3418; x_wconf 88' lang='lat' dir='ltr'><strong>rocen-</strong></span> 
     </span>
     <span class='ocr_line' id='line_1_30' title="bbox 67 3443 1127 3539; baseline 0 -21"><span class='ocrx_word' id='word_1_214' title='bbox 67 3443 143 3518; x_wconf 92' lang='lat' dir='ltr'><strong>scre</strong></span> <span class='ocrx_word' id='word_1_215' title='bbox 162 3444 349 3537; x_wconf 82' lang='lat' dir='ltr'><strong>debenus,</strong></span> <span class='ocrx_word' id='word_1_216' title='bbox 376 3468 422 3519; x_wconf 88' lang='lat' dir='ltr'><strong>an</strong></span> <span class='ocrx_word' id='word_1_217' title='bbox 441 3461 561 3519; x_wconf 86' lang='lat' dir='ltr'><strong>tantus</strong></span> <span class='ocrx_word' id='word_1_218' title='bbox 585 3445 650 3538; x_wconf 77' lang='lat' dir='ltr'><strong>sit,</strong></span> <span class='ocrx_word' id='word_1_219' title='bbox 677 3446 737 3539; x_wconf 90' lang='lat' dir='ltr'><strong>qui</strong></span> <span class='ocrx_word' id='word_1_220' title='bbox 759 3448 881 3519; x_wconf 88' lang='lat' dir='ltr'><strong>valeat</strong></span> <span class='ocrx_word' id='word_1_221' title='bbox 900 3446 1068 3539; x_wconf 86' lang='lat' dir='ltr'><strong>dilapsum</strong></span> <span class='ocrx_word' id='word_1_222' title='bbox 1090 3443 1127 3518; x_wconf 80' lang='lat' dir='ltr'><strong>dt</strong></span> 
     </span>
     <span class='ocr_line' id='line_1_31' title="bbox 68 3545 1125 3641; baseline -0.002 -22"><span class='ocrx_word' id='word_1_223' title='bbox 68 3547 298 3633; x_wconf 84' lang='lat' dir='ltr'><strong>devoratum,</strong></span> <span class='ocrx_word' id='word_1_224' title='bbox 314 3546 349 3619; x_wconf 79' lang='lat' dir='ltr'><strong>dr</strong></span> <span class='ocrx_word' id='word_1_225' title='bbox 365 3546 637 3639; x_wconf 82' lang='lat' dir='ltr'><strong>quibuscunque</strong></span> <span class='ocrx_word' id='word_1_226' title='bbox 651 3545 769 3619; x_wconf 86' lang='lat' dir='ltr'><strong>modis</strong></span> <span class='ocrx_word' id='word_1_227' title='bbox 788 3562 948 3641; x_wconf 86' lang='lat' dir='ltr'><strong>ereptum</strong></span> <span class='ocrx_word' id='word_1_228' title='bbox 964 3546 1125 3617; x_wconf 86' lang='lat' dir='ltr'><strong>taberna·</strong></span> 
     </span>
     <span class='ocr_line' id='line_1_32' title="bbox 69 3642 1127 3738; baseline -0.001 -21"><span class='ocrx_word' id='word_1_229' title='bbox 69 3648 187 3718; x_wconf 89' lang='lat' dir='ltr'><strong>culum</strong></span> <span class='ocrx_word' id='word_1_230' title='bbox 202 3645 316 3716; x_wconf 85' lang='lat' dir='ltr'><strong>carnis</strong></span> <span class='ocrx_word' id='word_1_231' title='bbox 330 3643 566 3738; x_wconf 73' lang='lat' dir='ltr'><strong>reedificare,</strong></span> <span class='ocrx_word' id='word_1_232' title='bbox 592 3658 699 3735; x_wconf 89' lang='lat' dir='ltr'><strong>atque</strong></span> <span class='ocrx_word' id='word_1_233' title='bbox 713 3642 924 3719; x_wconf 82' lang='lat' dir='ltr'><strong>restituere?</strong></span> <span class='ocrx_word' id='word_1_234' title='bbox 949 3664 993 3717; x_wconf 93' lang='lat' dir='ltr'><strong>an</strong></span> <span class='ocrx_word' id='word_1_235' title='bbox 1013 3643 1047 3716; x_wconf 88' lang='lat'>&amp;</span> <span class='ocrx_word' id='word_1_236' title='bbox 1067 3643 1127 3716; x_wconf 85' lang='lat' dir='ltr'><strong>ali·</strong></span> 
     </span>
     <span class='ocr_line' id='line_1_33' title="bbox 12 3741 1128 3838; baseline 0.001 -24"><span class='ocrx_word' id='word_1_237' title='bbox 12 3780 17 3789; x_wconf 92' lang='lat'>·</span> <span class='ocrx_word' id='word_1_238' title='bbox 71 3764 139 3835; x_wconf 89' lang='lat' dir='ltr'><strong>qua</strong></span> <span class='ocrx_word' id='word_1_239' title='bbox 160 3746 265 3817; x_wconf 91' lang='lat' dir='ltr'><strong>nobis</strong></span> <span class='ocrx_word' id='word_1_240' title='bbox 286 3747 447 3837; x_wconf 82' lang='lat' dir='ltr'><strong>exempla</strong></span> <span class='ocrx_word' id='word_1_241' title='bbox 465 3747 569 3838; x_wconf 86' lang='lat' dir='ltr'><strong>hujus</strong></span> <span class='ocrx_word' id='word_1_242' title='bbox 591 3741 639 3817; x_wconf 92' lang='lat' dir='ltr'><strong>sui</strong></span> <span class='ocrx_word' id='word_1_243' title='bbox 658 3745 745 3835; x_wconf 88' lang='lat' dir='ltr'><strong>juris</strong></span> <span class='ocrx_word' id='word_1_244' title='bbox 768 3746 805 3817; x_wconf 90' lang='lat' dir='ltr'><strong>in</strong></span> <span class='ocrx_word' id='word_1_245' title='bbox 826 3744 973 3836; x_wconf 87' lang='lat' dir='ltr'><strong>publico</strong></span> <span class='ocrx_word' id='word_1_246' title='bbox 990 3757 1128 3815; x_wconf 73' lang='lat' dir='ltr'><strong>natiuae</strong></span> 
     </span>
     <span class='ocr_line' id='line_1_34' title="bbox 69 3839 1127 3937; baseline 0.001 -24"><span class='ocrx_word' id='word_1_247' title='bbox 69 3843 331 3937; x_wconf 81' lang='lat' dir='ltr'><strong>promulgavit,</strong></span> <span class='ocrx_word' id='word_1_248' title='bbox 358 3864 405 3918; x_wconf 87' lang='lat' dir='ltr'><strong>ne</strong></span> <span class='ocrx_word' id='word_1_249' title='bbox 424 3846 483 3937; x_wconf 90' lang='lat' dir='ltr'><strong>qui</strong></span> <span class='ocrx_word' id='word_1_250' title='bbox 498 3844 596 3917; x_wconf 85' lang='lat' dir='ltr'><strong>forte</strong></span> <span class='ocrx_word' id='word_1_251' title='bbox 613 3843 729 3919; x_wconf 89' lang='lat' dir='ltr'><strong>adhuc</strong></span> <span class='ocrx_word' id='word_1_252' title='bbox 743 3841 859 3916; x_wconf 80' lang='lat' dir='ltr'><strong>satiant</strong></span> <span class='ocrx_word' id='word_1_253' title='bbox 874 3843 993 3915; x_wconf 91' lang='lat' dir='ltr'><strong>Deum</strong></span> <span class='ocrx_word' id='word_1_254' title='bbox 1009 3839 1127 3916; x_wconf 83' lang='lat' dir='ltr'><strong>noil&#39;e:</strong></span> 
     </span>
     <span class='ocr_line' id='line_1_35' title="bbox 70 3938 1149 4040; baseline 0.001 -28"><span class='ocrx_word' id='word_1_255' title='bbox 70 3943 130 4033; x_wconf 92' lang='lat' dir='ltr'><strong>qui</strong></span> <span class='ocrx_word' id='word_1_256' title='bbox 146 3964 222 4015; x_wconf 92' lang='lat' dir='ltr'><strong>non</strong></span> <span class='ocrx_word' id='word_1_257' title='bbox 238 3942 304 4014; x_wconf 89' lang='lat' dir='ltr'><strong>alia</strong></span> <span class='ocrx_word' id='word_1_258' title='bbox 318 3945 397 4040; x_wconf 88' lang='lat' dir='ltr'><strong>lege</strong></span> <span class='ocrx_word' id='word_1_259' title='bbox 413 3944 611 4018; x_wconf 87' lang='lat' dir='ltr'><strong>credendus</strong></span> <span class='ocrx_word' id='word_1_260' title='bbox 624 3941 695 4035; x_wconf 88' lang='lat' dir='ltr'><strong>est,</strong></span> <span class='ocrx_word' id='word_1_261' title='bbox 721 3964 826 4034; x_wconf 83' lang='lat' dir='ltr'><strong>quum</strong></span> <span class='ocrx_word' id='word_1_262' title='bbox 839 3956 881 4014; x_wconf 93' lang='lat' dir='ltr'><strong>ut</strong></span> <span class='ocrx_word' id='word_1_263' title='bbox 897 3944 1016 4016; x_wconf 87' lang='lat' dir='ltr'><strong>omnia</strong></span> <span class='ocrx_word' id='word_1_264' title='bbox 1027 3938 1129 4035; x_wconf 78' lang='lat' dir='ltr'><strong>poss&#39;e</strong></span> <span class='ocrx_word' id='word_1_265' title='bbox 1147 3996 1149 4001; x_wconf 82' lang='lat'><em>.</em></span> 
     </span>
     <span class='ocr_line' id='line_1_36' title="bbox 70 4041 1129 4138; baseline -0.001 -25"><span class='ocrx_word' id='word_1_266' title='bbox 70 4042 248 4116; x_wconf 88' lang='lat' dir='ltr'><strong>credatur.</strong></span> <span class='ocrx_word' id='word_1_267' title='bbox 300 4042 407 4117; x_wconf 88' lang='lat' dir='ltr'><strong>Plane</strong></span> <span class='ocrx_word' id='word_1_268' title='bbox 423 4044 516 4138; x_wconf 83' lang='lat' dir='ltr'><strong>apud</strong></span> <span class='ocrx_word' id='word_1_269' title='bbox 534 4041 769 4136; x_wconf 84' lang='lat' dir='ltr'><strong>philosophos</strong></span> <span class='ocrx_word' id='word_1_270' title='bbox 789 4041 924 4134; x_wconf 88' lang='lat' dir='ltr'><strong>habes,</strong></span> <span class='ocrx_word' id='word_1_271' title='bbox 951 4043 1010 4133; x_wconf 90' lang='lat' dir='ltr'><strong>qui</strong></span> <span class='ocrx_word' id='word_1_272' title='bbox 1027 4060 1129 4114; x_wconf 93' lang='lat' dir='ltr'><strong>mun·</strong></span> 
     </span>
     <span class='ocr_line' id='line_1_37' title="bbox 68 4139 1129 4237; baseline 0.002 -22"><span class='ocrx_word' id='word_1_273' title='bbox 68 4142 153 4217; x_wconf 92' lang='lat' dir='ltr'><strong>dum</strong></span> <span class='ocrx_word' id='word_1_274' title='bbox 168 4144 265 4217; x_wconf 88' lang='lat' dir='ltr'><strong>hunc</strong></span> <span class='ocrx_word' id='word_1_275' title='bbox 277 4140 441 4220; x_wconf 85' lang='lat' dir='ltr'><strong>innatum</strong></span> <span class='ocrx_word' id='word_1_276' title='bbox 449 4142 691 4237; x_wconf 71' lang='lat' dir='ltr'><strong>infestumque</strong></span> <span class='ocrx_word' id='word_1_277' title='bbox 707 4140 917 4217; x_wconf 84' lang='lat' dir='ltr'><strong>defendant:</strong></span> <span class='ocrx_word' id='word_1_278' title='bbox 943 4139 1129 4217; x_wconf 75' lang='lat' dir='ltr'><strong>sedmulto</strong></span> 
     </span>
     <span class='ocr_line' id='line_1_38' title="bbox 950 4242 1078 4319; baseline 0.016 -2"><span class='ocrx_word' id='word_1_279' title='bbox 950 4242 1078 4319; x_wconf 72' lang='lat' dir='ltr'><strong>merua</strong></span> 
     </span>
    </p>
   </div>
   <div class='ocr_carea' id='block_1_3' title="bbox 0 0 1218 4590">
    <p class='ocr_par' dir='ltr' id='par_1_3' title="bbox 0 0 1218 4590">
     <span class='ocr_line' id='line_1_39' title="bbox 0 0 1218 4590; baseline 0 0"><span class='ocrx_word' id='word_1_280' title='bbox 0 0 1218 4590; x_wconf 95' lang='lat' dir='ltr'><strong> </strong></span> 
     </span>
    </p>
   </div>
  </div>
 </body>
</html>
