2400 4590
56 520 194 599 ue
261 482 465 606 Qir'rr.
488 498 639 593 Fruar
638 480 1057 581 Τιιτυιιιιιιῗ

16 680 26 691 ·
112 664 266 769 mellei,
296 666 398 759 quod
417 686 546 739 omues
568 664 649 739 sere
671 662 818 741 hereses
838 654 963 743 uatrms
983 660 1172 747 dam

10 792 24 813 ··
113 758 517 857 mmmmm,
541 760 788 841 coemtionem
804 762 889 837 Deo
904 760 1036 837 nostro
1050 762 1173 839 arsur

10 874 16 895 ¹
112 858 249 941 Ιιιιιιιι
252 860 318 959 dgr
319 876 379 937 tur
392 860 539 939 confide
556 862 657 937 illurn
670 866 791 937 totum
806 864 881 937 hoc
898 880 950 935 er
960 862 1085 941 nihilo
1093 884 1176 957 pru-

75 1034 80 1061 ,
111 960 253 1055 nurse,
278 882 445 1037 &Deum
468 956 565 1037 nosti
591 958 760 1055 fidendo,
786 962 893 1054 quod
909 968 1054 1035 tantum
1072 960 1172 1039 uem

47 1136 52 1145 .
110 1060 246 1143 velen„
295 1052 391 1137 Nun
410 1060 602 1155 &quidam
617 1058 852 1146 infirmiores,
877 1060 952 1135 h'oc
971 1060 1075 1153 priua
1099 1070 1173 1137 eie·

30 1176 47 1257 ι,
111 1158 200 1249 dere
210 1160 414 1236 demateria
429 1162 558 1255 potiur
568 1158 763 1255 subjacenti
777 1160 928 1235 volunt·
954 1160 1002 1237 ab,
1017 1160 1086 1235 illo
1100 1162 1173 1235 uui·

110 1244 317 1335 rufinum
333 1258 552 1351 dedicatam,
568 1256 1021 1355 semmdumphilosuplror.
1055 1250 1171 1355 Porri

111 1358 210 1435 eru
198 1354 250 1458 ιιι
272 1358 312 1433 in
331 1376 425 1435 vero
452 1358 670 1449 haberetur,
705 1380 787 1433 cum
806 1374 925 1433 tamen
948 1358 1066 1455 longe
1090 1358 1170 1433 al'nr

110 1438 317 1535 suerranum
329 1451 509 1555 longeque
520 1458 607 1531 rhar
616 1456 750 1552 species
763 1480 810 1531 ex
823 1454 1170 1533 reformationem·

110 1558 212 1637 terite
226 1556 421 1633 dicerem
429 1554 638 1653 protulisse,
661 1574 766 1655 quarn
779 1555 900 1647 suisset
913 1554 988 1651 ipsi
1002 1556 1169 1633 materirr

108 1657 313 1733 nennium
321 1656 558 1737 defenderem
570 1676 618 1731 er
625 1656 746 1731 ni-lrdd
760 1676 848 1732 eune
858 1652 1069 1751 protulisse,
1087 1656 1168 1739 sier

108 1752 340 1853 promlerdt,
372 1778 452 1851 qun
467 1756 627 1832 omnino
650 1776 728 1831 non
750 1754 904 1833 meant
946 1756 1051 1870 Quo
1075 1776 1168 1833 enm

107 1854 257 1933 interest
270 1876 325 1931 ex
344 1856 459 1931 nihilo
479 1856 563 1949 quid
577 1844 759 1953 proferri,
784 1874 829 1933 an
849 1876 896 1929 rx
911 1852 1067 1944 alienor
1088 1854 1168 1933 dm

34 1980 41 1997 ·
109 1955 209 2049 quod
224 1952 415 2047 nonfuit,
440 1954 524 2031 siat.
547 1954 691 2047 quando
711 1956 910 2031 etiamnon
930 1950 1062 2049 suisse'·
1081 1954 1199 2037 nili·

47 2132 53 2151 ,
106 2052 276 2131 fitlltisse
322 2006 1165 2146 sicurffleeconuarro‚nonnihi1estfulffe

106 2150 218 2228 Nunc
237 2151 301 2226 etsr
320 2150 486 2241 interest,
510 2164 630 2225 namen
650 2169 841 2244 utrumque
862 2152 949 2226 mihi
973 2153 1018 2225 ad
1020 2154 1167 2247 plaudit.

59 2333 61 2337 ,
106 2251 193 2324 Sive
214 2252 308 2324 enlm
329 2271 375 2323 ex
394 2202 507 2323 nihilo
529 2249 630 2323 Deus
652 2254 798 2326 molitus
819 2250 870 2325 est
891 2176 1045 2344 cunilap
1065 2266 1167 2345 pote·

104 2350 154 2423 rit
172 2348 207 2423 dr
228 2368 370 2423 carnem
391 2347 429 2423 in
450 2348 601 2423 nihilum
618 2351 826 2443 produdiam
840 2352 1042 2443 exprimere
1060 2352 1106 2427 de
1120 2353 1167 2426 ni·

104 2449 195 2525 hilo.
254 2447 340 2522 Sive
363 2448 407 2519 de
429 2450 576 2522 materia
599 2451 805 2524 moderatus
836 2449 886 2523 est
906 2451 999 2543 alia,
1029 2453 1168 2543 poterit

97 2548 142 2625 ⁴&
154 2546 295 2623 carnem
308 2568 526 2641 quocunque
540 2548 740 2625 dehaustam
757 2570 914 2624 evocare
934 2551 977 2623 de
997 2551 1085 2626 alio.
1121 2550 1165 2623 Et

104 2649 231 2742 ulique
252 2650 403 2722 idoneus
430 2648 481 2722 est
503 2644 672 2740 reficere,
698 2651 756 2743 qui
774 2650 871 2724 lecit.
922 2652 1076 2745 Quanto
1089 2654 1165 2745 plur

6 2745 15 2791 ι’
106 2749 158 2823 est
172 2748 313 2833 fecisse,
334 2770 437 2838 quam
449 2745 626 2821 refecisse:
647 2751 786 2825 initium
799 2747 947 2839 dedisse,
966 2770 1075 2840 quam
1089 2749 1164 2823 red·

88 2846 237 2949 didisse.
287 2844 342 2919 Ita
367 2845 629 2920 restitutionem
651 2851 785 2941 carnis,
818 2847 1015 2923 faciliorem
1039 2848 1164 2923 credar

79 2958 87 3005 l
103 2945 339 3023 institutione.

114 3044 119 3053 '
147 3102 152 3109 .
180 3065 235 3118 12.
262 3043 392 3137 Aspice
415 3065 511 3117 nunc
534 3042 578 3129 ad
596 3044 669 3137 ipsa
685 3066 830 3136 quoque
848 3047 1011 3138 exempla
1031 3048 1168 3123 divinr‘

102 3142 300 3240 potestatis.
352 3143 439 3216 Dies
461 3141 613 3217 moritur
632 3147 667 3215 in
685 3143 848 3238 noctem,
875 3145 1089 3220 &tenebris
1109 3168 1162 3220 ua·

104 3263 314 3337 quaquaque
353 3241 476 3334 sepeli
464 3262 530 3314 ιι.ι
600 3243 811 3318 Funestatur
850 3245 970 3317 mundi
1015 3246 1162 3338 honor,

104 3345 220 3419 omnis
240 3339 427 3416 substantia
448 3342 662 3440 denigratur.
722 3341 909 3437 Sordent,
936 3344 1069 3439 srlent,
1096 3346 1160 3421 stu·

102 3457 193 3539 pent
211 3440 359 3534 euntia,
385 3444 517 3535 ubique
530 3443 701 3535 justitium
717 3441 787 3536 est,
814 3445 911 3535 quies
926 3463 1059 3520 rerum.
1108 3446 1162 3519 ltr

101 3546 165 3618 lux
181 3538 297 3617 amissa
312 3542 463 3638 lugetur.
513 3542 563 3618 Et
580 3559 699 3617 tamen
718 3541 836 3617 rursus
859 3563 938 3617 cum
960 3540 1032 3615 suu
1045 3548 1160 3658 cultu,

103 3664 184 3717 cum
204 3642 317 3734 dote,
352 3662 431 3715 cum
447 3639 541 3737 sola,
567 3643 690 3719 eadem
711 3641 775 3715 dr
765 3655 903 3738 ntegra
923 3642 957 3713 u
980 3656 1064 3719 tota
1075 3645 1161 3725 uni·

69 3824 86 3843 .-
102 3741 210 3816 verso
227 3743 307 3815 orbi
320 3739 524 3835 reviviscit,
550 3739 770 3817 interficiens
783 3756 937 3816 mortem
951 3739 1069 3833 suam,
1098 3766 1162 3817 nu·

103 3841 214 3934 diem,
240 3839 442 3915 rescindens
463 3840 676 3937 sepulturam
691 3839 808 3933 suam,
834 3842 1021 3933 tenebras,
1046 3843 1163 3919 haerer

101 3944 238 4018 sibimet
254 3941 426 4034 existens,
452 3942 572 4015 donec
587 3942 621 4015 dr
636 3963 711 4018 nox
731 3941 925 4015 reviviscat
941 3960 1023 4013 cum
1043 3940 1110 4015 suo
1128 3944 1163 4017 dr

100 4043 160 4116 illa
179 4038 348 4136 suggestu
399 4041 721 4123 Reduccenduntur
743 4043 838 4115 enim
860 4037 1094 4116 &stellarum
1110 4062 1162 4114 ra·

102 4143 174 4235 dr,
208 4156 299 4234 quos
319 4143 493 4217 matutina
517 4139 695 4235 succeusro
713 4141 926 4291 eminuerat
969 4138 1163 4223 Redncnu·

1049 4255 1111 4315 tur
