2400 4590
112 524 189 611 ,580
262 516 311 618 Q.
337 462 636 591 SeersFton.
663 508 1037 585 Trxruxrrxut

110 658 198 751 mii
221 692 403 775 arreptum
427 674 507 771 qius
529 674 657 745 indum
682 674 953 768 incorruptelam,
987 672 1029 749 θ
1052 674 1185 747 monela

110 778 192 877 bsai
207 780 335 849 induere
351 776 641 860 immortalitatem,
674 772 748 845 hoc
766 774 836 845 erit
854 772 947 851 illud
958 770 1184 851 domicilium

110 878 158 951 'de
174 876 290 968 coelo,
321 875 420 967 quod
444 888 627 971 gementes
649 871 686 945 in
708 870 776 945 bac
799 893 904 945 carne
925 869 1184 964 superinduere

112 975 372 1068 desideramus,
396 980 521 1065 utique
548 973 650 1067 super
671 992 813 1043 carnem
833 973 871 1043 in
897 992 966 1061 qua
983 972 1181 1067 deprehen

112 1076 262 1166 demur,
290 1076 372 1166 quia
393 1075 533 1169 gravari
557 1093 626 1144 nos
651 1072 721 1161 ait,
756 1074 814 1161 qui
831 1070 933 1142 simus
953 1072 993 1141 in
1018 1074 1179 1146 taberna·

114 1178 221 1264 culo,
248 1171 345 1265 quod
359 1174 514 1245 nolimus
530 1176 634 1261 exui,
661 1168 720 1242 sed
734 1171 857 1261 potius
876 1169 1111 1266 superindui,
1131 1174 1178 1245 uti

113 1274 314 1346 devoretur
335 1275 487 1344 mortale
511 1294 530 1343 a
556 1271 653 1343 vitat
689 1267 823 1341 scilicet
849 1270 931 1342 dum
959 1270 1175 1363 demutatur,

112 1372 401 1464 superinduendo
424 1370 520 1461 quod
545 1369 596 1442 est
615 1371 661 1442 de
687 1371 794 1441 coelis.
859 1371 950 1466 Quis
978 1373 1080 1443 enim
1108 1392 1174 1445 nou

113 1470 324 1544 desiderabit
346 1472 426 1542 dum
443 1472 478 1540 in
502 1488 607 1541 carne
630 1468 680 1541 est
701 1467 953 1561 superinduere
971 1469 1174 1543 immortali·

113 1582 253 1661 tatem,
290 1570 323 1641 u
349 1568 560 1642 continuare
590 1572 701 1643 vitam
726 1566 942 1641 lucrisadlam
968 1584 1097 1645 morte
1116 1590 1174 1664 per

112 1670 285 1742 vicariam
307 1670 611 1761 demutationem,
644 1690 691 1741 nc
712 1666 847 1740 inferos
865 1668 1100 1763 experiatur,
1122 1690 1172 1741 uc·

114 1791 185 1861 quc
200 1769 423 1842 noviffimum
442 1768 673 1859 quadrantem
688 1766 899 1840 exacturos?
934 1766 1112 1843 Ceterum
1123 1770 1173 1843 de

112 1870 350 1949 mutationem
377 1870 483 1941 etiam
503 1867 585 1964 post
606 1865 898 1940 resurrectionem
915 1866 1171 1941 consecutunu

114 1966 185 2057 est,
212 1967 349 2040 inferos
369 1970 440 2060 jam
467 1981 646 2059 expertus.
698 1964 844 2038 Abhinc
870 1966 963 2039 enim
988 1964 1171 2043 definimus

111 2087 257 2139 carnem
271 2068 368 2139 omni
386 2066 496 2139 modo
514 2064 654 2157 quidem
669 2064 961 2157 resurrecturam,
989 2082 1103 2160 etque
1120 2068 1172 2140 rllc

113 2186 161 2238 ex
180 2167 425 2237 demutatione
446 2163 704 2256 superventura
722 2166 882 2237 habitum
902 2167 1107 2260 angelicum
1126 2166 1172 2240 su·

110 2263 321 2355 scepturum.
371 2264 447 2334 Aut
470 2263 494 2335 sr
521 2264 557 2335 in
579 2264 633 2335 his
658 2263 763 2355 solis,
792 2266 851 2354 qui
880 2267 1118 2340 invenientur
1137 2268 1170 2339 in

111 2382 239 2452 carne,
268 2362 441 2434 demutari
467 2384 544 2435 eam
570 2364 775 2455 oportebit,
801 2380 842 2434 ut
861 2364 1066 2439 devoretur
1085 2388 1170 2441 mor-

110 2464 184 2535 tale
205 2483 226 2533 a
246 2462 346 2548 vito,
372 2461 478 2534 idest
502 2482 587 2534 caro
610 2464 652 2534 ab
678 2464 740 2533 illo
765 2461 1085 2556 strpcrindumento
1110 2487 1168 2538 coe·

110 2559 213 2656 testi,
239 2576 393 2634 aeterno:
420 2559 516 2657 Ergo
536 2562 594 2653 qui
611 2566 744 2635 mortui
759 2563 1097 2657 deprehendentur,
1122 2565 1168 2636 vi·

111 2677 185 2735 tam
207 2683 283 2735 non
308 2660 596 2753 consequentur,
631 2663 761 2753 privati
781 2662 851 2753 jam
875 2667 1049 2756 materia,
1078 2666 1112 2737 dt
1133 2676 1166 2735 ut

111 2761 162 2832 ita
188 2762 336 2832 dixerim
358 2759 434 2832 esca
458 2765 542 2832 vitre
566 2762 602 2832 id
625 2761 674 2832 est
694 2781 810 2834 carne.
863 2759 940 2833 Aut
964 2763 1109 2837 necesse
1124 2762 1166 2835 est

109 2860 286 2949 recipiant
308 2880 384 2931 eam
408 2860 441 2930 ἃ
462 2862 531 2951 illi,
558 2875 599 2932 ut
620 2860 706 2931 &in
729 2861 806 2950 ipsis
829 2863 983 2933 mortale
1003 2864 1165 2937 devorari

109 2958 215 3051 poffit
230 2979 250 3028 a
264 2959 360 3050 vita,
387 2958 410 3029 sr
434 2960 542 3032 vitam
560 2958 638 3030 sunt
654 2960 890 3034 consecuturi.
938 2961 1011 3034 Sed
1029 2964 1066 3036 in
1082 2984 1166 3036 mor·

109 3056 203 3146 tuis,
225 3057 362 3149 inquis,
379 3058 449 3148 jam
464 3059 675 3131 devoratum
692 3060 760 3129 crit
773 3060 924 3131 mortale
940 3060 1045 3136 istud.
1085 3062 1165 3135 Nor

108 3155 233 3251 utique
250 3158 285 3227 in
303 3158 481 3232 omnibus.
535 3160 701 3251 Quantos
726 3159 818 3231 eninr
830 3159 953 3230 licebit
971 3163 1032 3233 vel
1045 3164 1164 3253 pridie·

109 3276 179 3328 nos
192 3255 366 3344 inveniri,
395 3270 466 3329 tam
480 3261 638 3330 recentia
653 3258 847 3350 cadavera,
873 3272 915 3328 ut
927 3261 1015 3332 nibil
1032 3263 1102 3335 illis
1115 3262 1164 3334 de·

110 3371 280 3426 voratum
298 3357 412 3426 videri
432 3357 545 3448 pollit.
597 3358 732 3447 Utique
748 3360 841 3430 enim
861 3358 1083 3435 devoratum
1098 3380 1164 3435 non

110 3454 203 3526 aliud
227 3453 423 3545 existimaS,
450 3480 553 3546 quarn
570 3456 830 3547 interceptum,
858 3479 961 3549 quam
980 3463 1163 3552 abolitum,

109 3568 214 3643 quam
229 3557 325 3625 omni
341 3554 436 3625 sensu
456 3572 634 3648 creptum:
658 3556 755 3645 quod
771 3568 980 3649 comparere
996 3564 1100 3635 omni
1115 3584 1165 3659 ge·

108 3672 195 3725 nere
212 3652 414 3726 cessaverit:
440 3678 507 3725 nec
522 3659 701 3750 gigantum
723 3672 841 3729 autem
863 3659 1098 3749 antiquisbma
1117 3682 1163 3733 ct·

107 3751 241 3824 devera
260 3754 434 3825 devorata
452 3756 649 3845 constabit,
680 3776 831 3845 quorum
849 3773 964 3830 crates
981 3760 1104 3834 adbuc
1118 3761 1164 3833 vi·

107 3864 211 3923 vunt.
241 3851 401 3923 Diximus
416 3855 486 3943 jorn
502 3856 544 3924 de
561 3855 626 3925 isto
639 3856 730 3928 alibi.
758 3856 1047 3946 Sed&proxime
1064 3861 1162 3935 initu

108 3952 258 4021 civitate
272 3974 350 4023 cunr
364 3952 456 4024 Odoi
475 3954 705 4025 fundamenta
723 3968 781 4025 tot
793 3969 957 4029 veterum
973 3956 1164 4052 sepulture

105 4070 184 4123 rum
209 4048 371 4145 sacrilega
397 4056 692 4124 conlocarentur:
721 4055 1001 4148 quingentorum
1017 4059 1096 4133 sere
1113 4082 1163 4132 ro·

105 4171 237 4223 norum
252 4149 325 4223 olla
345 4152 459 4225 adbuc
482 4152 643 4249 succida,
672 4154 871 4247 &capillos
890 4158 1035 4233 olentes
1053 4180 1163 4253 popu·

1066 4262 1119 4329 lus
