2400 4590
72 510 148 657 spe
233 558 283 656 Q.
308 552 445 631 Stet.
469 552 611 631 litor„
635 506 1016 637 serrorum

74 720 323 811 Finnatusque
343 712 415 789 fide
429 715 562 813 sgnum
576 718 670 815 petit
684 719 804 793 excita
817 724 955 815 menti,

75 823 167 993 8110
186 820 248 891 vel
261 838 337 891 non
351 814 487 912 posset,
508 818 572 889 vel
586 814 704 910 posset
718 820 873 907 vincere
893 820 1046 916 bellum,

117 920 207 993 ellus
226 918 317 990 utin
337 915 481 991 rodem
493 914 647 1009 pofituln
662 916 707 989 de
722 938 807 991 rore
823 921 1012 1015 maderet,

76 1016 128 1093 Et
142 1020 249 1091 tellus
264 1017 379 1089 omnis
401 1016 536 1089 circirm
552 1015 680 1089 siccata
695 1018 851 1113 jaceret,

77 1118 164 1193 Hoc
184 1116 407 1191 inimicorum
423 1118 573 1209 palmam
596 1116 798 1189 coalescere
813 1119 981 1197 mundo:

76 1214 201 1309 Atque
219 1218 348 1289 iterum
366 1214 444 1287 solo
464 1217 662 1289 remanenti
684 1220 821 1290 vellere
838 1218 962 1315 ficto,

77 1316 164 1392 Hoc
184 1316 307 1391 eadem
323 1316 428 1388 tellus
446 1328 587 1389 roraret
599 1313 706 1388 noste
727 1317 885 1408 liquore.

77 1416 164 1491 Hoc
180 1418 312 1489 etenim
325 1413 423 1511 signo
440 1413 650 1511 predonum
663 1415 789 1487 stravit
805 1436 990 1515 acervos,

78 1513 291 1610 congressus
306 1515 445 1607 populo
461 1512 610 1607 Christi,
634 1514 707 1587 sine
725 1515 840 1589 milite
858 1522 1005 1615 multo,

78 1614 315 1689 Tercenteno
330 1613 473 1706 equite,
498 1632 666 1687 numerus
685 1612 769 1687 Tau
785 1615 895 1688 litera
916 1640 1053 1715 graeca,

77 1714 233 1789 Armatis
252 1712 460 1805 facibusque
480 1712 515 1785 dt
533 1716 702 1787 cornibus
722 1734 788 1787 ore
804 1732 1021 1797 canentum.

77 1816 207 1889 Vellus
224 1828 301 1887 erat
315 1814 496 1908 populus,
523 1815 648 1887 ovium
666 1812 710 1885 de
725 1813 858 1887 semine
872 1812 1017 1895 santio.

77 1913 173 1987 Nam
192 1914 298 1987 tellus
316 1912 422 1987 varie
438 1928 583 2009 gentes,
608 1909 761 2004 fuseque
774 1932 841 2007 per
863 1916 1015 1995 orbem.

75 2014 261 2097 Verbum,
287 2014 386 2105 quod
406 2014 538 2106 nutrit,
564 2007 623 2085 sed
638 2032 714 2085 nox
734 2012 783 2085 eli
798 2014 935 2087 mortis
953 2018 1083 2118 imago,

77 2112 160 2184 Tau
173 2114 307 2209 signum
326 2114 462 2202 crucis,
488 2111 522 2183 dr
538 2130 654 2183 cornu
669 2110 851 2204 preconia
868 2114 980 2211 vitre,

76 2212 331 2300 Lucentesque
353 2211 447 2281 faces
464 2210 499 2281 in
514 2209 674 2302 lychn0,
702 2210 842 2303 spiritus
860 2214 1013 2294 ardens.

76 2311 221 2382 Scilicet
238 2310 310 2380 hoc
326 2310 494 2381 testamen
510 2322 586 2380 erat
607 2310 752 2381 virtutis
770 2312 906 2407 imago,

75 2406 167 2487 Non
181 2407 277 2501 prius
298 2409 453 2503 angelica
473 2409 600 2480 mortis
621 2408 697 2480 sera
716 2410 840 2504 proelia
857 2413 983 2505 vinci,

78 2512 198 2606 Quam
213 2509 352 2599 populo
369 2508 515 2580 indocili
531 2510 659 2581 merito
676 2509 734 2581 sua
751 2512 856 2600 culpa
870 2514 1010 2589 relieto

77 2610 340 2697 Florentesque
353 2604 423 2679 fide
438 2621 562 2702 gentes
579 2610 614 2679 in
631 2609 733 2679 laude
747 2623 917 2701 receptae.

77 2710 254 2781 Debbora
269 2708 353 2796 quin
371 2708 495 2780 mulier
514 2704 617 2799 super
634 2728 776 2779 omnem
793 2711 955 2784 maxima
969 2716 1093 2793 famam

77 2808 149 2880 Pro
165 2809 278 2898 patria
295 2826 370 2895 quae
391 2808 564 2900 belligero
581 2806 726 2880 subnixa
745 2808 875 2899 labori,

77 2907 206 2998 Stipite
221 2902 282 2974 sub
296 2909 418 2996 palmae
433 2906 605 2997 populum
621 2903 744 2977 vieille
761 2908 932 3001 canebat,

78 3008 315 3099 Quapropter
333 3003 418 3075 victi
435 3004 533 3077 simul
549 3003 667 3076 hostes
684 3020 783 3100 terga
803 3004 968 3086 dedere:

78 3102 188 3177 Sisara
208 3101 280 3173 dux
294 3102 408 3197 sugit,
435 3104 491 3173 cui
511 3123 586 3175 non
606 3104 685 3194 vir,
711 3125 779 3177 nec
796 3127 926 3181 manus
946 3114 1026 3186 ulla

76 3202 233 3277 Restitit.
284 3202 354 3274 llic
372 3200 453 3273 Baal
473 3199 600 3273 Christi
619 3202 771 3276 vitioria
787 3204 888 3300 signo

77 3300 257 3397 Exemplo
278 3300 432 3395 resugae,
460 3299 595 3373 devicit
615 3302 756 3376 foemina
775 3304 887 3399 ligno.

78 3404 209 3497 Jepbta
222 3396 292 3472 fide
307 3397 426 3490 firma,
454 3401 511 3492 qui
531 3400 622 3473 duro
642 3404 792 3475 uulnere
811 3421 951 3484 votum

79 3498 196 3571 Ausus
209 3500 410 3571 mercedem
426 3501 508 3571 belli
525 3499 610 3573 Deo
628 3502 746 3574 dicere
761 3504 958 3599 grandem3

78 3598 150 3672 Hic
169 3600 339 3688 quiaque
356 3619 431 3669 non
450 3601 531 3670 vult
549 3600 749 3693 Dominus,
777 3604 998 3695 promiserat
1013 3636 1095 3692 amer

79 3696 254 3770 Occurrit
267 3699 383 3789 primo
401 3720 519 3771 carum
534 3700 596 3773 sibi
615 3700 758 3792 potiore
770 3703 916 3797 pignus,

75 3795 178 3871 Nulli
196 3796 333 3888 sperata
353 3799 482 3869 cecidit
496 3800 592 3890 quod
607 3799 702 3873 sorte
715 3817 881 3897 tepente,

75 3893 286 3969 Promissum
304 3912 346 3969 ut
362 3897 488 3979 staret,
516 3897 624 3971 solvit
639 3902 697 3991 pia
708 3902 787 3992 jura
803 3908 986 4007 parentis,

74 3992 218 4067 Peccati
238 4011 367 4071 votum
384 4000 546 4070 violenta
561 4013 680 4070 mente
697 4003 865 4091 coperuit

74 4091 238 4168 Immanis
256 4098 385 4187 timor,
414 4101 549 4169 orbate
568 4095 690 4170 solatia
704 4102 788 4171 vite

72 4188 146 4269 Pro
165 4192 299 4269 scelere
317 4196 474 4275 obtinuit
487 4194 635 4293 samum,
660 4218 731 4294 pro
745 4200 898 4283 crimine
911 4208 1068 4383 laudepr.

1011 4368 1027 4387 .
1049 4330 1086 4385 ec
