2468 4530
84 466 161 541 662
233 462 285 559 Q.
309 456 439 533 Sarr.
465 456 610 535 Faort.
633 454 1014 547 Taurorum

85 644 193 715 cere,
225 618 336 695 idest
357 622 525 693 tenebras
547 616 711 693 efficere:
744 640 825 711 quae
843 622 966 695 media
989 620 1047 694 die
1063 618 1151 695 latta

84 724 168 799 sunt
191 736 300 813 atque
318 720 369 791 ita
390 720 464 793 dies
485 718 596 793 festos
618 718 760 792 vestros
788 723 986 794 convertit
1003 720 1152 793 Detuin

84 820 249 912 lulium,
283 820 319 891 δι
344 819 484 892 cantica
505 816 621 891 vestra
645 818 683 891 in
708 820 1025 895 lamentationem.
1079 817 1153 893 Poll

86 922 284 1017 paffionern
307 920 400 991 enirn
424 916 552 991 Christi
574 918 681 992 etiam
706 920 905 1011 captivitas
927 920 1040 993 vobio
1060 920 1095 994 te
1112 918 1155 993 di·

88 1020 220 1117 sperlio
239 1020 415 1110 obvenit,
439 1020 629 1111 praedicata
645 1038 709 1111 per
726 1016 891 1111 spiritum
911 1018 1080 1097 tanetum.
1191 996 1195 1131 l

142 1190 205 1245 nu
238 1188 569 1243 vusrutrourr
599 1186 779 1241 tronto
811 1188 941 1243 eost
977 1186 1153 1243 uassro·

241 1290 345 1343 uera
381 1288 584 1341 notetur.

159 1438 215 1493 rr.
231 1416 327 1491 Nom
337 1416 448 1509 &pro
463 1414 533 1488 istis
546 1410 681 1487 meritis
694 1412 837 1505 vestris,
849 1416 998 1491 cladem
1015 1414 1153 1490 vestram

90 1518 249 1591 futuram
272 1514 442 1589 Ezechiel
464 1516 631 1588 nunciat:
662 1512 794 1586 &non
816 1512 938 1589 solum
964 1516 1006 1589 in
1027 1516 1093 1589 isto
1113 1516 1153 1589 se·

92 1618 202 1709 culo,
232 1636 310 1709 quae
321 1616 394 1707 jam
410 1616 558 1707 evenit,
583 1612 643 1687 sed
661 1615 698 1685 in
715 1613 772 1685 die
788 1614 1063 1709 tribulationis,
1088 1634 1150 1707 qua

91 1714 334 1807 subsequetur.
359 1718 444 1810 Qua
459 1715 559 1787 clade
573 1734 681 1787 nemo
695 1713 923 1803 liberabitur,
940 1712 1009 1787 nili
1023 1717 1082 1807 qui
1093 1710 1153 1808 pri

90 1814 192 1889 stone
208 1812 357 1903 Christi,
384 1835 490 1907 quern
507 1810 691 1908 respuitis,
714 1810 827 1883 fuerit
839 1812 1068 1909 obsignatus.
1104 1812 1152 1887 sie

93 1914 190 1989 enim
212 1910 466 2005 scriptumest:
502 1912 550 1985 lit
568 1917 810 1984 dixittoninus
824 1914 867 1981 ad
880 1938 955 2000 me,
985 1916 1153 1985 Flliltenr'·

90 2022 146 2087 nis
159 2016 288 2183 villu,
310 2037 377 2110 que
387 2014 522 2099 senium
536 2012 633 2101 lsrael
641 2011 791 2104 faciunt.-
818 2020 1047 2111 unusquisque
1064 2034 1153 2087 atra

93 2118 132 2182 in
148 2128 204 2181 tm
238 2119 303 2189 ria,
327 2122 543 2207 unusquisque
561 2116 598 2179 in
613 2112 750 2181 culieule
766 2110 929 2203 absimile,
958 2115 1153 2210 quoniamli-

91 2228 230 2281 xerunt:
257 2213 338 2280 Non
361 2216 450 2279 videt
470 2236 525 2279 nos
547 2211 712 2295 dominus,
746 2212 916 2309 dereliquit
939 2216 1086 2285 donnons
1102 2230 1154 2285 tet·

93 2332 171 2384 ratu.
224 2310 272 2379 Et
294 2310 380 2379 dixit
405 2311 445 2380 atl
470 2336 535 2381 me:
561 2312 674 2382 Adbuc
693 2311 856 2399 conversus
878 2315 1153 2407 videlirfaainttr

92 2412 233 2507 majora,
268 2432 334 2505 qua
356 2411 408 2508 illi
428 2408 575 2502 faciunt.
631 2413 678 2484 Et
699 2414 883 2484 introduxit
911 2438 960 2484 ma
986 2418 1028 2486 ad
1052 2418 1153 2488 limine

87 2514 199 2610 janua
218 2509 323 2579 domus
348 2513 491 2599 domini,
517 2536 586 2607 qua
608 2511 720 2607 aspicit
743 2512 783 2581 ad
806 2516 1021 2607 Aquilonem,
1048 2517 1087 2594 (7
1106 2536 1154 2588 eru

93 2612 163 2682 illic
188 2611 491 2700 mulierositatem
510 2612 550 2688 U
567 2612 753 2709 plangentes
777 2602 943 2690 Thamna.
1009 2617 1060 2689 Et
1081 2618 1155 2687 tuit

92 2712 240 2782 lominus
260 2713 299 2779 ad
321 2736 387 2781 me:
430 2714 496 2782 Fili
516 2714 677 2798 hominis,
703 2709 837 2808 nidisti?
868 2718 1039 2811 Numquid
1055 2720 1156 2787 melite

94 2812 199 2881 domui
220 2805 335 2904 Juda,
361 2826 398 2880 ut
415 2811 546 2902 sociant
566 2811 737 2905 facinora,
769 2836 836 2909 qua
850 2811 1034 2905 fecerunt.²
1057 2814 1156 2895 &al-

93 2912 157 2979 luta
179 2910 310 2995 uisurus
330 2937 361 2980 ea
380 2910 575 3003 adseilionea
592 2916 723 3008 majores
743 2936 857 2983 eorum.
913 2916 965 2986 Et
983 2918 1156 2990 introduxit

93 3034 142 3079 me
155 3012 193 3078 in
211 3010 303 3077 edem
320 3012 424 3079 domus
442 3013 563 3081 domini
580 3014 784 3105 interiorem,
809 3009 850 3089 U
866 3036 928 3084 ecce
943 3020 984 3085 in
998 3017 1156 3089 liminilrt

94 3108 204 3207 templi
225 3110 346 3178 lumini
360 3116 451 3182 inter
467 3113 600 3181 medium
621 3112 700 3182 elam
718 3110 757 3186 (Ἰ
777 3118 1020 3186 intermedium
1036 3120 1156 3201 altaris,

92 3208 180 3306 quati
197 3212 324 3302 viginti
348 3214 419 3280 viri
435 3210 602 3308 posteriora
620 3212 682 3300 sua
702 3213 854 3283 dederunt
872 3216 914 3283 ad
935 3218 1092 3312 templum
1111 3218 1156 3287 lt-

94 3314 197 3395 mini,
223 3310 262 3384 (5
274 3308 379 3401 facies
398 3308 472 3403 fitur
487 3327 599 3382 contra
616 3316 784 3397 orientem,
809 3314 848 3381 lai
863 3316 1048 3389 adorabant
1060 3318 1156 3409 talen
1193 3350 1195 3359 ·

96 3410 147 3481 Et
166 3410 253 3480 dixit
268 3412 309 3481 ul
328 3433 396 3481 me:
435 3413 531 3483 Viles
540 3411 599 3502 fili
620 3407 778 3482 ltotnt‘nis.²
811 3414 976 3511 Numquid
988 3414 1099 3515 pufila
1115 3418 1157 3487 lt-

93 3513 164 3578 mui
182 3510 300 3606 Julae,
336 3526 375 3580 ut
393 3510 527 3601 faciant
540 3510 712 3602 facinora,
746 3536 814 3609 que
833 3510 989 3603 fecerunt
1003 3516 1069 3589 lai.²
1091 3542 1157 3616 que·

92 3615 185 3679 niam
212 3609 431 3706 impleverunt
452 3615 630 3700 impietates
648 3612 746 3700 suar,
774 3608 813 3687 ὅ
832 3637 895 3683 ecce
915 3616 971 3711 iffi
991 3620 1080 3717 quafi
1092 3616 1156 3708 sul·

86 3708 284 3799 sannanter.
344 3712 410 3803 Ego
425 3710 547 3802 fatiam
567 3734 635 3779 cum
659 3712 878 3805 indignatione
894 3737 986 3803 meo,
1010 3730 1078 3790 nait
1090 3738 1157 3816 pat·

94 3824 143 3878 cet
157 3807 263 3878 oculus
281 3834 386 3899 metis,
409 3835 509 3909 traque
527 3810 700 3900 miserebor.
757 3808 995 3886 Exclamalunt
1012 3822 1055 3889 arl
1073 3838 1158 3888 aetat

94 3932 180 3979 meat
197 3931 269 3978 voce
287 3934 420 4004 magna,
447 3909 487 3987 ὅ
503 3936 570 3982 tion
584 3912 748 3982 exaudiam
766 3936 831 3998 eos,
850 3914 906 4002 sed
923 3940 1024 4013 neque
1045 3918 1158 4006 misere·

93 4007 169 4099 bor,
196 4009 234 4083 U
252 4010 441 4081 exclamavit
458 4016 495 4083 in
510 4034 605 4082 aures
618 4035 701 4081 meas
721 4035 795 4082 vote
810 4036 926 4107 magna
944 4020 1071 4088 dicens.-
1099 4016 1156 4089 At

90 4110 297 4205 proximavit
318 4108 468 4183 uindilla
493 4114 643 4185 ciuitatis
663 4110 782 4210 liujus,
807 4110 848 4193 σ
869 4124 1085 4218 unusquisque
1104 4116 1155 4187 lta·

629 4240 639 4259 ·=
1049 4220 1112 4291 luit
