2468 4530
439 559 779 639 Casurum
1067 580 1137 659 7η

35 742 39 749 ·
79 724 173 803 Nox
184 724 344 817 requiem
359 720 529 816 dederat,
553 723 617 797 lux
632 719 791 797 solverat
805 720 916 797 altera
928 716 1087 817 nodiem,
1202 769 1206 776 -

79 824 132 900 Et
149 824 306 898 Sodoma
321 826 358 897 in
374 823 514 896 soribus
529 819 692 917 strepitat
706 820 901 915 conquesta
911 820 1087 898 rodendo.

80 925 183 1001 Loth
199 939 326 997 contra
338 920 503 1015 supplex:
530 920 590 995 Ne
607 942 677 995 vos
689 942 786 995 nunc
800 919 902 1015 pasta
916 920 1029 995 libido

78 1023 278 1115 incendat,
299 1024 474 1116 juvenes,
502 1019 609 1115 ipsam
627 1019 760 1096 soedare
774 1022 978 1113 iuventam:

82 1128 171 1227 Quo
183 1127 286 1197 luxus
302 1122 465 1217 genitura
480 1118 617 1211 vocati
643 1142 717 1215 quo
734 1119 864 1195 semina
881 1116 1034 1193 frustra?

83 1228 172 1321 Quo
187 1223 292 1296 nulla·
306 1228 461 1314 nuptant
475 1221 615 1295 animae:
640 1242 716 1295 non
733 1219 841 1293 lustra
857 1220 1037 1312 colentes,

82 1326 175 1403 Non
190 1322 333 1395 stabulis
346 1320 516 1411 reduces,
540 1342 618 1395 non
631 1321 736 1393 randis
754 1318 875 1393 subter
889 1321 1043 1411 hiantes,

83 1424 168 1499 Nec
182 1443 260 1514 quae
272 1440 466 1515 pennarum
478 1420 633 1495 modulis
644 1441 763 1515 prope
776 1420 896 1493 nubila
909 1420 1084 1513 pendent,

82 1524 168 1599 Nec
182 1542 259 1613 quae
275 1539 340 1614 per
356 1534 488 1593 terram
504 1520 690 1615 protratio
706 1538 864 1612 corpore
880 1534 1034 1593 mariano

85 1620 207 1697 Omne
221 1640 354 1716 genus,
375 1620 464 1693 luxu
478 1639 591 1717 genus
603 1618 671 1693 cst:
697 1618 755 1693 sed
777 1618 920 1693 foenuua
935 1618 1072 1710 conjux

86 1720 284 1809 Omnibus,
310 1719 535 1810 &nunquam
552 1720 717 1812 cuiquam
730 1718 794 1792 nili
811 1718 954 1791 soemina
966 1730 1093 1793 mater.

83 1821 125 1898 N
127 1840 197 1893 une
211 1820 237 1892 sr
252 1819 305 1891 fas
317 1818 488 1910 juvenilis
503 1818 614 1891 habet
628 1820 764 1894 vastare
777 1818 969 1913 pudorem,

84 1920 178 1995 Sunt
190 1920 286 1991 intus
303 1934 396 1990 natae
409 1918 546 2015 bijuges
560 1918 669 2011 mihi,
693 1918 823 1993 nubilis
837 1931 935 2011 etas,

84 2018 284 2114 Virginitas
297 2018 335 2090 in
346 2016 440 2089 flore
452 2030 587 2111 tumet,
609 2020 681 2111 jam
696 2018 816 2093 dedita
831 2016 939 2110 melli,
1095 2100 1101 2108 ³

83 2120 206 2217 Digna
220 2114 353 2213 cupido
369 2116 476 2211 viris,
501 2118 626 2191 nuent
642 2140 747 2213 quam
760 2116 881 2191 vestra
894 2115 1083 2211 voluptas:

86 2218 191 2293 Cedo
206 2230 329 2313 pater,
354 2236 495 2309 proque
507 2215 706 2313 hospitibus
719 2216 876 2314 peubbo
895 2217 1072 2293 dolorem.

85 2321 229 2414 Vulgus
239 2316 283 2390 ad
292 2318 370 2389 hec
379 2316 540 2391 demens:
555 2318 730 2413 Quisnam
741 2334 795 2411 tu,
805 2316 1148 2411 quantus,&undei
1181 2338 1185 2347 ·

87 2417 165 2535 Qui
184 2416 290 2488 nobis
306 2413 525 2508 domineris,
552 2418 622 2509 ait,
646 2420 816 2515 legesque
833 2417 1035 2493 recondas?

86 2518 324 2604 lransvena,
350 2512 537 2586 corrodior
547 2514 817 2607 Sodomorum,
844 2516 1002 2609 duplicat
1016 2518 1097 2593 iras.

87 2614 200 2693 Nunc
217 2613 324 2709 igitur
337 2622 417 2683 tute
431 2610 504 2705 ipse
518 2614 616 2706 lues,
643 2616 741 2707 quod
753 2612 873 2689 nostra
887 2616 1020 2707 cupido
1035 2616 1100 2711 eli,

87 2714 162 2791 Pro
177 2712 290 2800 natis,
341 2730 457 2803 roque
470 2711 686 2805 hospitibus:
712 2713 793 2787 satis
812 2734 904 2787 uuus
921 2714 958 2788 in
977 2736 1116 2791 omnes.

88 2811 199 2890 Diua
218 2810 301 2885 &fa
367 2810 485 2884 fimulr
509 2812 611 2909 vulgi
623 2816 837 2889 moranulla
854 2811 1017 2889 numus.

88 2909 278 2988 Turbidus·
293 2910 447 2983 hiberno
465 2924 508 2982 ut
524 2910 606 2987 dum
620 2915 788 2987 volvitur
800 2914 934 3009 impete
946 2925 1102 2991 torrens.

87 3014 272 3091 Rivorum
284 3028 454 3083 numeros
468 3030 546 3084 uno
560 3012 654 3107 pede
669 3014 786 3088 fertur
801 3014 839 3089 in
853 3033 1004 3090 omnes:

89 3112 130 3187 Si
145 3132 213 3203 qua
228 3111 301 3183 illic
321 3112 430 3183 arbor
442 3110 573 3204 rapidis
586 3110 787 3188 offenditur
799 3114 919 3207 undis,

90 3211 200 3287 Haud
216 3207 377 3284 mansura
394 3208 480 3299 diu,
506 3224 676 3303 quantum
693 3214 815 3287 radice
830 3213 958 3287 licebit

92 3310 247 3383 Crinitae
265 3310 395 3381 durare
405 3328 547 3397 moras,
571 3312 636 3385 ubi
656 3311 779 3388 subter
794 3310 932 3389 adesam

90 3410 214 3485 Perdit
232 3411 379 3482 humum
396 3407 626 3484 circumfosso
644 3432 727 3487 cum
740 3410 890 3487 caudice
907 3408 1083 3511 pendam,

91 3510 178 3585 Huc
196 3510 280 3580 illuc
301 3522 434 3580 certam
453 3506 577 3583 differt
588 3512 727 3585 incesta
739 3512 894 3586 emnam:

91 3608 199 3685 Haud
214 3609 320 3699 aliter
335 3604 436 3680 Loth
451 3609 488 3680 in
498 3608 616 3684 media
629 3612 808 3707 vertigine
823 3611 938 3707 vulgi,

92 3710 259 3785 Nutabat
273 3706 371 3779 uinci
387 3725 505 3799 prope
518 3708 609 3800 iam:
635 3709 695 3786 sed
709 3712 794 3785 diva
807 3709 966 3804 potestas

94 3808 293 3899 Subvenit,
320 3808 468 3901 angelici
484 3808 638 3899 juvenes
656 3810 700 3883 de
713 3811 835 3885 limine
854 3824 998 3908 raptum

93 3907 302 3983 Restituunt
319 3906 441 3981 tediis:
468 3906 613 3983 demens
630 3908 688 3983 sed
703 3911 832 4007 vulgus
847 3910 979 3988 ibidem

94 4008 281 4083 Poenarum
301 4003 459 4101 auspiciis
476 4006 666 4082 muletatur
677 4012 810 4082 lumine
824 4010 916 4089 diro.

149 4132 180 4199 3.
192 4106 299 4181 Tunc
313 4107 457 4179 decreta
470 4108 543 4181 Dei
558 4106 750 4203 reserant,
773 4108 1030 4203 dignamiore
1040 4114 1208 4193 omum

83 4210 255 4281 Decoelo
268 4206 463 4289 Sodomis:
489 4210 612 4309 ipsum
625 4208 807 4289 meamus
821 4208 996 4285 salutem
1097 4228 1100 4233 ·

69 4304 228 4398 Jruuue
241 4306 380 4391 lindos
403 4314 516 4419 Quin
533 4312 880 4503 mgtaaccinges'ss
889 4300 1048 4385 istm·-
1098 4354 1220 4445 w,

667 4440 750 4517 25
