2400 4590
127 296 130 301 Ι
205 314 214 339 ·
724 354 730 371 r

189 506 250 560 nr
274 476 707 561 Resuaarcrrorrr
735 506 932 563 canum.
1017 506 1091 583 599

31 664 109 719 non
129 643 225 717 aliud
242 641 410 741 resurgit,
435 666 540 737 quarn
558 644 657 735 quod
676 642 887 727 seminatura
907 665 977 719 nec
992 646 1088 719 aliud

30 742 244 835 seminatur,
270 764 383 836 <pram¹
399 745 498 836 quod
524 742 725 817 dissolvitur
740 744 866 833 ‚laumir
900 764 969 817 nec
991 745 1087 819 aliud

31 840 232 915 dissolvitur
250 842 372 943 humi,
397 864 500 935 quarn
519 862 623 917 caro:
656 846 749 917 hanc
767 844 861 935 enirn
877 841 1087 919 sententiam

29 940 132 1015 Deus
153 941 261 1016 elisit:
301 934 402 1015 Tem
421 968 478 1024 er,
509 940 549 1019 dy
572 950 609 1013 in
630 957 750 1015 terram
773 944 854 1013 ibis.-
886 944 969 1034 quia
989 942 1024 1015 dr
1041 942 1087 1017 de

28 1053 125 1113 terra
140 1055 218 1113 erat
232 1040 377 1135 sumpta
429 1040 526 1115 Hinc
539 1040 575 1115 dr
586 1038 786 1135 Apostolus
800 1041 973 1137 concepit
988 1039 1087 1131 semi-

26 1139 102 1212 nari
120 1161 199 1213 eam
218 1138 363 1231 dicere,
396 1163 477 1215 cum
493 1140 701 1215 redhibetur
717 1141 755 1216 in
771 1142 919 1215 terram:
953 1141 1034 1232 quia
1050 1140 1087 1213 dt

26 1236 215 1313 seminibus
231 1236 539 1331 sequestratorium
552 1252 649 1315 terra
664 1240 734 1315 est:
760 1241 832 1314 illic
846 1239 1085 1333 deponendis,

27 1336 163 1410 &inde
182 1340 397 1430 repetendis.
447 1340 608 1431 Ideoque
621 1338 852 1438 &consignat
865 1339 1084 1431 imprimens,

23 1436 72 1509 fic
88 1436 180 1510 enim
194 1435 362 1531 scriptum
374 1437 444 1515 est:
469 1460 515 1513 ne
530 1438 626 1515 aliud
636 1438 813 1515 existimes
827 1432 896 1513 elle
909 1438 1083 1531 seminari,

23 1560 119 1632 quam
136 1540 173 1605 ira
188 1552 307 1607 terram
326 1542 407 1629 ilo,
430 1564 469 1611 cat
507 1564 548 1610 aa
571 1564 602 1611 er
617 1540 783 1636 sumpius,
808 1538 856 1613 fic
874 1556 922 1613 lle
940 1537 1084 1613 alterius

24 1656 129 1726 quarn
144 1634 278 1708 carnis:
303 1633 350 1711 src
368 1637 464 1715 enirn
478 1564 646 1731 lqenptum
661 1636 723 1713 est.

97 1754 157 1825 53.
184 1732 256 1809 Sed
272 1756 405 1833 corpus
418 1738 567 1811 animale
579 1739 730 1812 animam
741 1736 883 1829 quidam
898 1754 1084 1833 argumen-

24 1846 170 1926 tantur,
185 1846 228 1907 ut
243 1834 344 1909 illum
358 1858 379 1909 a
391 1856 499 1911 carne
510 1848 671 1909 avocent
681 1834 929 1911 recidivatum.
963 1834 1082 1910 Porro

21 1952 105 2005 cum
128 1930 271 2009 constet
287 1932 471 2028 fixumque
485 1934 529 2009 iit
540 1934 629 2009 illud
639 1930 915 2011 resurrediurum
931 1954 1082 2029 corpus,

19 2030 121 2122 quod
144 2032 254 2107 fuerit
276 2032 512 2125 seminatum,
545 2034 590 2109 ad
611 2032 718 2130 ipsius
743 2034 797 2109 rei
821 2032 1083 2111 exhibitionem

18 2133 332 2223 provocabuntur.
387 2130 467 2207 Aut
491 2132 682 2209 ostendant
702 2134 854 2207 animam
876 2129 1082 2209 seminatam

16 2226 101 2321 post
116 2245 292 2325 mortem,
317 2232 438 2328 idest,
463 2246 661 2309 mortuam:
685 2230 808 2325 idest,
833 2232 931 2306 humi
948 2229 1080 2325 elisam,

17 2326 222 2422 disjediam,
249 2329 472 2425 dissolutam,
505 2332 606 2424 quod
627 2333 665 2407 in
687 2332 783 2406 illam
808 2330 932 2405 aDeo
956 2331 1081 2405 decre·

17 2439 96 2501 tum
115 2448 192 2500 non
212 2428 280 2501 est:
305 2443 515 2522 proponant
535 2432 778 2523 corruptelam
796 2432 896 2523 ejus,
921 2429 956 2501 dt
973 2430 1079 2503 dede·
1103 2514 1108 2519 ,

16 2526 264 2619 corationem,
289 2523 551 2620 infirmitatem,
576 2540 620 2600 ut
635 2525 739 2619 ipsius
754 2528 797 2600 sit
812 2529 918 2599 etiam
933 2526 1078 2599 consur-

15 2644 103 2722 gere
116 2625 153 2695 in
168 2624 472 2719 incorruptelam,
493 2625 582 2699 &in
598 2625 769 2721 gloriam,
789 2624 875 2696 &in
892 2623 1078 2703 virtutem.

12 2720 194 2797 Sedenim
214 2723 249 2795 in
268 2724 410 2798 Lazaro
427 2723 609 2821 praecipuo
625 2722 890 2797 resurretiionis
906 2727 1076 2816 exemplo

13 2842 102 2895 caro
120 2821 234 2914 jacuit
256 2824 293 2896 in
316 2821 544 2916 infirmitate,
570 2844 656 2897 caro
680 2843 774 2918 pene
795 2823 1018 2916 computruit
1038 2825 1077 2898 in

12 2920 355 3015 dedecorationem,
384 2943 470 2995 caro
490 2924 632 2999 interim
654 2924 793 3016 putruit
814 2924 852 2997 in
870 2923 1077 3017 corruptio·

10 3042 115 3096 nem:
143 3020 177 3094 dr
199 3036 317 3095 tamen
340 3024 494 3097 Lazarus
514 3042 601 3097 caro
621 3018 836 3115 resurrexit,
863 3040 944 3097 cum
960 3023 1077 3096 anima

12 3119 178 3213 quidem,
204 3118 264 3195 sed
285 3124 513 3214 incorruptas
547 3142 775 3215 quemnemo
796 3122 950 3195 vinculis
971 3122 1075 3205 lineis

10 3218 224 3311 strinxerat,
249 3244 357 3297 nemo
373 3223 409 3295 in
427 3221 616 3315 sepulchro
635 3223 854 3314 collocarat,
881 3242 989 3295 nemo
1001 3222 1075 3313 jam
1108 3232 1114 3241 '

10 3316 140 3391 foetere
161 3317 333 3416 senserat,
359 3343 468 3396 nemo
490 3322 680 3413 quatriduo
699 3322 842 3394 viderat
857 3318 1074 3413 seminatam,

10 3414 153 3491 Totum
169 3417 348 3510 habitum,
368 3433 486 3493 totum
500 3422 633 3494 exitum
651 3420 795 3512 Lazari,
812 3420 970 3511 omniurn
984 3438 1075 3511 quo·

10 3537 83 3607 que
110 3536 196 3588 caro
222 3518 331 3592 hodie
352 3520 554 3615 experitur:
588 3520 704 3593 anima
726 3540 818 3593 vero
840 3518 982 3593 nullius.
1030 3515 1074 3594 In

10 3637 82 3707 qua
107 3636 194 3713 ergo
221 3616 317 3691 stilus
332 3617 499 3712 Apostoli
524 3634 730 3712 comparet,
757 3618 803 3690 dc
824 3636 895 3707 qua
915 3640 996 3692 eum
1017 3618 1073 3693 lo·

10 3717 75 3803 qui
94 3714 264 3805 constat,
298 3740 340 3792 ea
362 3719 432 3789 erit
454 3716 636 3811 &corpus
658 3718 807 3791 animale
823 3722 910 3790 ‘cum
928 3714 1073 3791 semina.

11 3826 96 3903 tur,
123 3813 156 3887 tr
178 3813 332 3907 spiritale
354 3836 435 3889 curn
459 3815 652 3892 suscitatur.
701 3814 798 3891 Nam
817 3831 859 3888 ut
873 3816 924 3889 ita
943 3815 1072 3893 intelli·

10 3931 71 4008 gas
85 3932 225 3987 manum
239 3913 355 3989 adhuc
367 3915 533 4011 porrigit,
546 3938 645 4007 acque
658 3915 703 3990 de
717 3916 875 4009 ejusdem
890 3913 1073 4008 scripturae

10 4009 222 4088 audioritate
243 4012 374 4089 facium
394 4029 561 4088 retexens
581 4015 733 4108 primum
750 4014 933 4090 hominem
950 4010 1070 4093 Adam

10 4113 46 4187 in
67 4111 217 4190 animam
235 4116 433 4196 viventem.
484 4115 529 4289 Sli²
539 4112 652 4191 Adam
670 4115 955 4211 nomoprimua,
973 4132 1069 4187 -caro

146 4254 152 4263 ·
538 4236 614 4311 aa
901 4226 1020 4299 autem
