2400 4590
96 550 172 641 ⁶54
242 546 293 645 Q.
318 540 456 621 star.
480 540 623 622 Fron
646 540 1021 623 Tauruntratrr

96 706 133 785 dt
152 704 377 797 asperitatem
393 704 427 779 di
441 703 666 797 injustitiam,
692 708 840 801 propria
860 706 1008 782 scilicet
1023 708 1150 805 negoti

97 808 317 923 praeliorum.
368 804 564 879 Videamus
579 825 666 899 ergo
681 827 725 879 an
740 808 829 879 aliur
844 806 888 881 stt
901 806 1001 881 ensis
1016 810 1096 883 iile.
1113 826 1153 881 ct

94 928 154 1001 Jua
168 905 221 981 est
234 908 322 980 alius
338 903 452 995 astur,
478 906 512 977 id
528 900 579 977 est
590 902 683 995 Dei,
698 904 814 979 sermo
826 906 1002 984 divinus.
1021 908 1078 981 bis
1095 926 1154 980 am

98 1020 190 1098 tua,
221 1018 263 1079 ut
282 1006 424 1077 duobus
448 1002 696 1093 testamentis,
730 1004 819 1099 legia
843 1006 1011 1097 antiquae
1032 1006 1069 1081 dt
1089 1010 1154 1103 legit

99 1126 233 1195 novae,
258 1118 385 1183 acutus
407 1098 586 1197 sapientie
606 1100 674 1175 suae
693 1106 887 1195 equitate,
913 1106 1079 1179 reddent
1099 1106 1154 1179 uni

102 1208 233 1295 cuique
250 1200 442 1277 secundum
457 1200 571 1277 anum
583 1198 695 1278 suurn.
742 1202 850 1275 Licet
866 1224 962 1299 ergo
978 1204 1016 1277 ἃ
1035 1202 1155 1279 Christ

100 1302 173 1379 Dei
200 1306 238 1375 in
258 1300 425 1393 Psalmis,
460 1300 534 1375 sine
559 1300 697 1374 bellicis
720 1302 849 1393 rebus,
885 1304 978 1377 ense
1002 1306 1155 1379 sermoni

101 1402 176 1479 Dei
200 1402 367 1496 precingi
385 1400 565 1495 figurato,
600 1403 658 1472 cui
684 1399 848 1493 predicta
874 1404 1155 1491 tempestiriunar

103 1514 283 1597 congruat
305 1520 387 1575 cum
408 1500 520 1595 gratia
536 1498 733 1581 labiorum
764 1520 872 1591 quem
895 1514 994 1575 tunc
1014 1504 1154 1599 cingent

102 1615 163 1675 tur
186 1598 290 1695 super
309 1599 426 1673 femur
451 1597 545 1689 apud
568 1595 718 1689 David,
754 1598 905 1690 quando
933 1604 1154 1675 venturuaiu

102 1714 217 1775 terras
243 1720 289 1775 ex
310 1697 382 1772 Dei
405 1700 515 1791 patris
541 1695 692 1771 decreto
718 1698 990 1789 nunciabatur:
1032 1708 1154 1787 iarun,

102 1800 246 1891 inquit,
282 1818 312 1869 te
335 1800 513 1891 magnetudo
532 1800 666 1867 texam
687 1815 766 1884 tu,
782 1798 919 1871 ‘virtus
941 1798 1090 1877 scilicet
1103 1820 1153 1897 gi*

103 1900 164 1973 tia
187 1896 374 1993 spiritalis,
398 1896 443 1971 de
464 1916 533 1989 qua
549 1892 678 1969 Christi
702 1896 839 1991 agnitio
860 1896 1085 1976 deducitur:
1115 1902 1153 1971 ta

99 2006 194 2095 gitta
208 1999 444 2090 raa,·inquit,
459 2013 575 2080 acaia,
603 1995 828 2089 pervolantia
842 1997 989 2088 ubique
1002 2000 1154 2093 Deipro

105 2092 1032 2289 itiaiissztiiiiiititiiittiti
1047 2098 1155 2273 “ss

107 2316 179 2387 quc
194 2298 320 2388 populi
338 2292 398 2364 sub
415 2308 451 2362 te
467 2291 617 2369 cadent,
645 2294 769 2381 utique
786 2294 1006 2367 adorantes:
1033 2298 1092 2371 Sic
1104 2298 1156 2371 bel·

105 2398 267 2489 lipotens
287 2394 320 2464 dt
337 2398 485 2486 armiger
501 2388 657 2462 Christus
672 2394 827 2485 accipiet
839 2392 959 2485 spolia
976 2419 1057 2469 non
1072 2398 1155 2471 sotzu

108 2493 294 2581 Samariae,
323 2512 447 2564 verum
470 2490 503 2562 δι
523 2492 683 2563 omniurn
706 2494 878 2585 gentium.
940 2492 1155 2589 Agnosce&

107 2594 222 2690 spolia
242 2590 410 2687 figurata,
438 2592 538 2682 cujus
553 2589 586 2661 dt
603 2611 696 2661 arma
717 2592 907 2685 allegorica
923 2594 1106 2683 didicisti,
1125 2612 1155 2667 ar·

108 2715 181 2789 que
203 2698 254 2766 ita
274 2695 311 2765 in
337 2705 476 2765 tantum
501 2686 659 2763 Christus
675 2691 734 2780 qui
759 2693 862 2763 venit
881 2711 964 2765 non
987 2696 1060 2769 suit
1075 2700 1155 2771 beia

110 2807 194 2886 tor,
230 2795 312 2884 quia
335 2811 412 2863 non
434 2790 512 2861 talis
538 2790 582 2861 ab
608 2786 704 2863 asaia
728 2788 1004 2883 predicabatur.
1067 2790 1156 2869 Seni

110 2891 290 2985 Christus,
316 2892 500 2981 inquiunt.
529 2890 588 2980 qui
608 2904 783 2961 venturus
803 2891 987 2985 creditur,
1016 2894 1158 2993 aJudaii

111 2992 312 3076 &dicitur,
338 3009 415 3061 non
433 2986 618 3159 cstgesum
644 2990 815 3078 quarein,
845 2992 905 3081 qui
923 2997 1059 3086 venit,
1084 2996 1159 3091 Jerui

112 3088 272 3165 Christus
295 3090 495 3181 appellatur
544 3085 732 3159 Constabit
756 3104 874 3161 autem
897 3104 1160 3185 utrumquem

109 3211 196 3269 men
213 3192 251 3261 in
262 3185 403 3260 Christo
420 3186 509 3277 Dei,
534 3186 572 3258 in
588 3206 663 3276 quo
676 3188 860 3260 invenitur
875 3190 987 3263 etiarn
1006 3192 1110 3287 Jesuc
1122 3212 1158 3283 tp

110 3284 1158 3476 {titiiaistiittiititini?diiii?

113 3502 214 3565 cette
227 3487 274 3563 de
290 3483 440 3581 pristino
455 3487 604 3560 nomine
616 3486 744 3578 incipit
757 3487 880 3559 vocari
893 3483 1010 3583 Jesus.
1060 3466 1158 3575 certe,

111 3589 251 3681 inquii,
267 3588 358 3659 hanc
370 3588 466 3678 prius
483 3585 632 3660 dicimur
646 3583 793 3680 figuram
806 3584 915 3659 futuri
932 3586 1056 3667 fuisse.
1088 3592 1158 3665 Nan

112 3691 196 3783 quia
220 3686 319 3782 Jesus
339 3682 520 3776 Christus,
554 3686 747 3759 secundum
769 3686 973 3779 populum,
1008 3692 1109 3782 quod
1124 3684 1157 3761 su

112 3807 193 3865 mus
219 3807 290 3861 noa
312 3787 480 3858 nationes
508 3788 545 3858 in
566 3785 716 3877 seculo,
747 3787 784 3858 in
805 3781 982 3879 deserto,
1019 3806 1158 3865 commo

112 3898 235 3963 rantes
260 3896 390 3977 antea,
428 3880 695 3959 introducimur
714 3882 801 3959 esset
828 3886 866 3958 in
894 3898 1032 3964 terram
1058 3907 1156 3985 repro

112 3985 304 4073 missionis,
335 3986 444 4057 melle
471 3981 617 4057 &iasio
640 3998 866 4076 manantem,
893 3988 930 4059 id
954 3988 1072 4063 estin
1095 3994 1156 4064 vitr

114 4100 259 4163 eternae
273 4082 530 4178 posessionem,
551 4104 622 4175 qua
635 4085 727 4157 nihil
740 4084 897 4158 dulcius:
922 4088 962 4161 in
982 4110 1090 4182 quain
1103 4104 1156 4163 nor

113 4208 180 4285 per
199 4182 386 4282 Moysen,
409 4182 448 4261 id
469 4180 523 4259 est
543 4202 624 4263 non
641 4202 709 4281 per
728 4184 820 4285 legit
840 4182 1090 4287 disciplinam,
1117 4180 1157 4259 sd

1065 4306 1125 4385 per

1173 4446 1179 4576 i
