2468 4530
89 510 163 605 7⁰⁶
235 506 285 603 Q.
309 501 446 577 Seraz
472 497 616 578 Fron.
641 499 1026 579 Tanruauraur

90 669 165 741 Cur
182 683 255 741 tam
275 662 354 739 sero
371 666 450 760 pius
471 663 643 759 vigilans,
668 660 895 757 semperque
917 660 1105 763 benignus?

91 772 165 865 Qui
183 786 363 857 nunquam
383 766 480 857 prius
495 764 650 837 omnino
668 760 704 835 se
722 766 888 858 praebuit
903 768 981 841 ulli.

41 893 51 904 ·
90 864 311 941 Transmisss
330 885 504 955 numero,
531 863 670 937 alienos
687 883 756 935 ore
772 866 972 956 requirens

92 968 288 1057 Nunquam
304 964 531 1055 expectatus,
558 978 786 1037 nonnosus.
826 961 953 1038 missus
978 966 1015 1037 in
1033 966 1132 1039 orben

146 1090 177 1157 3.
200 1062 320 1135 l’astor
335 1084 444 1136 ocem
460 1081 634 1157 quarens,
663 1083 770 1155 quam
790 1082 874 1135 non
897 1064 1059 1137 amiserat
1069 1080 1132 1139 ante

92 1164 233 1240 Debuit
249 1179 378 1235 exutus
396 1183 564 1257 carnem,
591 1164 685 1253 quasi
705 1158 850 1253 vidor,
878 1178 925 1235 ut
939 1164 1016 1257 ipse

92 1267 265 1357 Spiritus,
292 1276 334 1335 ut
349 1262 466 1335 suerat
481 1262 638 1357 semper,
663 1262 836 1353 talesque
853 1264 1028 1337 volebat

92 1362 232 1437 Omnes
246 1360 407 1455 expulsas
425 1365 558 1434 animas
576 1362 648 1435 sine
663 1380 828 1453 corpore
848 1360 978 1453 passim

90 1461 262 1557 Eripere,
288 1462 481 1534 &carnem
501 1460 686 1554 spoliatam
706 1460 883 1551 linquere
903 1476 1024 1535 terrae.

91 1562 177 1635 Una
191 1564 249 1636 die
268 1569 400 1655 pariter
417 1562 602 1655 complere
619 1562 799 1631 cadavere
817 1571 1025 1653 mundum,

90 1660 280 1735 Evacuare
295 1664 443 1743 orbem,
473 1676 580 1751 atque
597 1662 732 1731 animas
750 1660 935 1733 attollere
952 1664 1056 1735 coelo.

89 1760 289 1857 Progenies
307 1762 493 1834 hominum
513 1758 607 1832 nasci
625 1754 784 1830 cessasset
805 1758 844 1829 in
866 1778 1010 1854 unum,

91 1858 142 1931 Et
165 1862 261 1933 nulla
283 1856 433 1952 posthac
452 1860 593 1955 generis
615 1856 780 1951 prosapia
807 1854 927 1930 vestri

91 1958 190 2033 Nata
211 1959 324 2033 r‘oret.
357 1957 563 2052 pestemque
579 1977 713 2030 novam
732 1954 886 2029 fudisset
904 1959 945 2031 in
964 1957 1090 2033 orbem

93 2060 163 2131 Vel
185 2061 266 2149 quia
283 2072 372 2129 tunc
390 2060 476 2130 nisis
494 2080 538 2131 ex
555 2060 608 2130 his
625 2054 754 2129 fassum
770 2053 988 2131 ostenditur
1006 2058 1084 2155 else,

91 2158 278 2229 Debuerat
294 2154 402 2227 finem
423 2158 546 2251 generi
565 2154 717 2228 statuisse
734 2154 889 2248 futuro,

90 2256 274 2326 Connubii
291 2254 405 2326 solido
421 2257 632 2347 complexus
650 2256 761 2327 corde
775 2254 982 2349 replesset,

91 2352 245 2427 Fecisset
263 2366 410 2446 torpere
428 2354 552 2447 viros',
578 2354 651 2427 sine
666 2356 829 2449 germine
856 2355 1023 2452 fruclus,

90 2452 262 2527 s'oeminei
287 2452 388 2525 sexus
413 2458 555 2527 cubitus
578 2456 709 2527 taedere
735 2452 914 2545 dedisset,

93 2550 286 2627 Claussilset
305 2556 449 2644 penitus
467 2556 582 2627 carnis
602 2556 770 2649 genitalia
791 2558 1000 2647 membra,-

92 2654 204 2725 Nulla
226 2656 397 2725 voluntas
418 2652 543 2727 nostro
563 2656 704 2744 anim0,
731 2672 853 2744 neque
873 2654 983 2747 posl'e
1004 2654 1124 2729 facultas

91 2752 176 2824 Poll
193 2756 267 2822 nac
285 2750 401 2843 posset
415 2750 447 2824 dr
462 2752 614 2825 interior
627 2756 741 2825 homo
764 2750 941 2848 sanguine
957 2754 1083 2847 juntsis

90 2851 238 2924 lsaerere
255 2850 388 2922 infusus
405 2854 521 2943 carni,
547 2852 756 2943 semperque
772 2854 927 2943 periret.

90 2950 239 3041 Semper
257 2952 339 3019 ovis
358 2955 471 3042 perit,
498 2971 585 3046 ergo
598 2970 667 3022 nec
684 2950 735 3022 est
753 2950 901 3024 servare
920 2949 1100 3047 potestasl

91 3046 181 3119 Cum
203 3045 340 3139 semper
359 3048 520 3122 nascatur
535 3052 667 3138 homo,
694 3049 757 3122 sub
771 3054 929 3127 crimine
946 3056 1073 3127 mortis

91 3146 203 3241 Quod
223 3146 371 3233 pastoris
389 3169 499 3241 opus,
528 3148 551 3221 ss
570 3148 615 3221 sic
630 3150 780 3221 inventa
794 3150 1012 3227 docentur?

89 3244 276 3335 inquesita
294 3267 401 3339 ergo,
429 3246 486 3319 sed
505 3268 582 3319 non
603 3263 727 3341 erepta
745 3252 937 3340 probatur.

89 3346 201 3417 Nunc
222 3366 311 3417 vcro
327 3344 484 3430 delectus
508 3344 626 3431 adest,
654 3350 838 3420 connubia
854 3354 985 3445 adire,

87 3442 144 3514 Ut
159 3444 297 3537 semper
317 3445 403 3526 fuit,
433 3466 539 3535 quem
556 3448 675 3537 junxit
692 3462 791 3518 certa
808 3469 1003 3547 propago,

88 3541 295 3615 Nascuntur
315 3548 495 3638 gentes&
520 3548 582 3615 vix
602 3542 825 3619 numerabile
847 3554 1010 3647 vulgus,

88 3638 287 3734 Accipiunt
310 3646 442 3716 animas
463 3642 671 3716 nascentum
689 3665 847 3737 corpora
866 3672 978 3725 viva:

87 3738 125 3809 N
129 3762 171 3809 cc
189 3740 333 3813 Paulum
350 3742 491 3836 decuit,
519 3746 681 3835 quamvis
702 3764 769 3836 pro
792 3759 967 3843 tempore
983 3748 1122 3845 quosdau

86 3837 251 3923 Hortari,
280 3845 382 3913 velut
400 3838 473 3935 ipse
489 3842 579 3935 fuit,
613 3862 700 3935 pare
720 3842 818 3917 sorte
839 3869 1020 3944 manere3

85 3934 280 4028 Temporis
301 3940 434 4037 angusti
452 3964 605 4015 cernens
620 3940 786 4015 instantia
800 3952 941 4045 multa,

84 4032 179 4107 Nam
204 4054 345 4110 teneras
366 4043 450 4115 alias
464 4058 588 4115 aetates
609 4043 746 4115 nubere
759 4042 882 4140 jussit,

83 4130 171 4211 Nec
187 4132 223 4213 se
242 4137 419 4235 scaudasi,
439 4140 502 4217 sed
515 4143 638 4217 debita
652 4144 808 4221 reddere
821 4148 946 4244 passo.

1022 4246 1090 4322 Vos
