2400 4590
206 532 283 593 nn·
306 494 741 595 Rnsnanicnrons
775 534 965 595 cunuti.
1041 538 1114 621 579

54 676 208 752 turiurum.
274 678 364 753 Non
386 691 505 753 tamen
528 680 643 753 carnis
665 676 928 755 restitutionem
951 676 1113 778 negavit,
1180 679 1188 687 '

52 777 423 873 sicompensationem
437 779 611 853 mercedis
628 777 818 874 opposuit,
845 801 926 853 cum
939 779 999 872 ipsi
1016 804 1115 857 com·

53 879 214 974 pensatio
237 880 433 971 debeatur,
461 876 518 950 cni
535 878 715 952 diffolntio
739 891 952 973 reputatur,
967 878 1113 956 .sciiicet

53 981 163 1053 carni.
215 978 285 1051 Sed
309 978 391 1069 quia
411 978 556 1051 domum
581 978 741 1070 dixerat,
774 998 940 1071 carnem,
973 972 1113 1075 elegan-

53 1091 110 1151 ter
127 1078 248 1150 voluit
262 1076 297 1149 dc
312 1078 350 1150 in
363 1078 537 1150 mercedis
559 1078 830 1169 comparatione
846 1079 1029 1151 vocabulo
1049 1078 1113 1167 do-

52 1196 131 1251 mus
157 1179 237 1269 uti,
271 1175 333 1271 ipsi
356 1174 477 1249 domui
495 1196 571 1269 quas
587 1174 798 1249 diffolvetur
819 1194 884 1270 per
905 1174 1110 1273 pastionem,

50 1277 240 1351 meliorem
263 1275 409 1349 domum
432 1277 689 1368 repromittens
716 1294 781 1369 per
805 1274 1113 1353 resurrectorum.-

51 1375 150 1448 Nam
171 1376 205 1446 &
225 1375 389 1447 dominus
412 1378 529 1447 multus
552 1376 722 1473 munfisnes
740 1375 843 1467 uquasi
868 1375 996 1450 domus
1017 1377 1112 1469 apud

52 1489 193 1567 patrem
224 1476 472 1568 repromittit,
509 1494 717 1567 quamquam
748 1490 816 1549 nec
847 1475 892 1548 de
925 1476 1110 1550 domicilio

49 1573 176 1647 mundi
195 1573 314 1666 potest
327 1571 502 1671 intelligi,
528 1592 601 1665 quo
616 1573 788 1671 ‘diiioluto
802 1584 934 1647 aeterna
946 1574 1042 1649 sedes
1056 1594 1111 1649 re-

51 1674 287 1765 promittatur
306 1676 344 1751 in
363 1678 481 1765 coeiis,
515 1676 596 1764 quia
618 1672 652 1745 dr
674 1692 750 1764 quae
769 1672 963 1766 sequuntur
977 1672 1020 1746 ad
1037 1690 1110 1746 car·

51 1792 137 1844 nem
155 1768 336 1845 manifeste
352 1774 568 1865 pertinentia
589 1770 801 1864 ostendunt,
833 1774 956 1865 priora
973 1792 1047 1846 non
1068 1773 1111 1847 ad
1148 1844 1155 1861 ,

50 1888 194 1943 carnem
219 1876 409 1964 pertinere.
457 1870 682 1944 Divifionem
706 1874 800 1945 enim
823 1874 909 1945 facit
927 1872 1109 1966 apostolus

52 1990 138 2043 cum
163 1966 321 2063 subjicit:
354 1992 432 2041 rrum
455 1972 494 2047 θ
519 1972 574 2042 huc
595 1976 744 2065 gemimus
767 1972 950 2042 domicilium
973 1974 1111 2069 nostrum

49 2073 131 2169 quud
152 2072 188 2140 de
208 2070 278 2141 coeic
297 2066 360 2168 ιβ,
387 2066 576 2167 firperirrdui
598 2075 824 2167 desideranter,
846 2072 997 2168 fiquidem
1021 2078 1111 2143 exuri

48 2192 117 2240 nun
137 2172 215 2239 nudi
238 2175 466 2257 inveniamur,
499 2168 630 2264 idest,
664 2184 747 2245 ante
768 2173 937 2244 volumus
958 2170 1111 2265 superin-

49 2268 163 2343 duere
191 2272 365 2344 virtutem
394 2270 569 2344 coeiestem
603 2273 831 2361 eternitatis,
867 2287 970 2362 quant
1004 2290 1111 2345 carne

53 2387 243 2443 exuramur:
270 2368 372 2460 hujus
388 2372 480 2455 enirn
500 2365 619 2463 gratim
633 2372 858 2464 privilegium
874 2370 956 2443 iilos
975 2384 1111 2463 manet,

52 2471 114 2561 qui
137 2468 179 2539 ab
203 2467 362 2539 adventu
383 2466 517 2539 domini
539 2466 850 2558 deprehendentur
865 2470 903 2540 in
923 2488 1050 2561 carne,
1078 2470 1113 2540 dt

51 2578 206 2662 propter
241 2564 385 2636 duritias
418 2578 621 2657 temporum
655 2564 849 2637 antichristi
880 2569 1113 2639 merebuntur

54 2660 272 2756 compendio
297 2662 424 2735 mortis
447 2684 510 2756 per
526 2660 805 2736 demutationem
826 2663 1008 2756 expunctae
1027 2685 1114 2738 con·

54 2777 201 2836 currere
224 2784 304 2835 cum
323 2760 603 2858 resurgentibus,
638 2765 728 2836 sicut
744 2758 780 2834 T
782 2760 1112 2837 heisalonicensibus

51 2863 196 2938 scribit:
231 2868 296 2932 Huc
310 2867 396 2932 enim
414 2865 542 2932 dicimus
561 2864 649 2933 veiis
663 2869 700 2933 iu
714 2864 855 2952 sermone
869 2866 1006 2950 domini,
1034 2865 1114 2962 qued

51 2988 113 3035 nos
132 2968 188 3062 qui
205 2968 370 3051 trivimus,
396 2967 451 3059 qui
465 2980 657 3034 remanemus
674 2968 712 3033 in
729 2968 872 3033 aduentu
885 2965 1022 3051 domini,
1048 2983 1114 3036 non

51 3064 280 3161 preveniemus
293 3086 340 3134 ses
353 3068 408 3161 qui
423 3064 630 3135 dormierunt.
667 3068 829 3157 Quoniam
844 3061 903 3159 ipse
917 3067 1061 3135 dominus
1075 3068 1114 3135 in

47 3161 136 3262 juffir
155 3167 194 3239 (Ἰ
216 3170 254 3234 in
276 3188 349 3233 voce
370 3162 472 3258 unguii
497 3163 535 3238 (i
555 3164 712 3236 tubu'Dei
732 3164 886 3253 descendet
904 3166 940 3234 de
962 3168 1047 3250 cuis,
1074 3163 1114 3239 ὅ

53 3266 176 3334 mertui
193 3269 231 3333 in
247 3262 368 3360 Cirriflu
391 3264 552 3357 resurgent
566 3269 675 3361 primi.
732 3268 857 3335 Dehinc
877 3286 935 3333 nus
956 3292 1023 3334 cum
1043 3265 1114 3361 ipfis

54 3368 215 3460 rapiemur
235 3367 272 3431 in
285 3364 421 3435 nubibus
435 3364 561 3437 obuium
581 3362 701 3463 Christo
720 3359 758 3440 ὅ
776 3368 824 3435 itu
841 3367 956 3461 [emper
973 3390 1039 3434 sum
1059 3368 1113 3436 do·

51 3486 141 3536 mmo
157 3486 281 3534 drimi-

127 3582 187 3655 42.
201 3561 343 3637 Horum
358 3557 639 3639 demutationem
653 3557 696 3637 ad
704 3560 916 3636 Corinthios
932 3556 1048 3635 reddit
1064 3556 1114 3636 di·

46 3680 153 3739 cens.
186 3668 321 3734 ·0mnes
340 3667 463 3761 quidem
487 3668 694 3758 resurgemus,
725 3688 791 3735 nun
814 3682 919 3735 durem
940 3686 1043 3735 omnes
1062 3667 1113 3734 de·

54 3762 263 3851 mutabimur,
288 3768 326 3835 in
344 3778 467 3849 urimo,
493 3766 529 3835 in
548 3782 761 3837 momentaneo
781 3780 864 3834 muru
886 3764 985 3854 oculi,
1013 3770 1050 3832 in
1060 3785 1114 3833 nu·

51 3856 186 3953 viffinm
208 3867 302 3935 rudus
327 3860 397 3937 sed
418 3859 467 3937 ilii
488 3862 622 3938 scilicet
647 3860 710 3937 soii
738 3865 796 3955 qui
821 3858 1052 3935 invenientur
1076 3859 1115 3936 in

54 3980 174 4039 carne.
230 3967 422 4049 firmorum,
450 3960 584 4058 inquit,
607 3967 787 4056 resurgent,
809 3965 1113 4039 nusdemuniimur.

52 4065 137 4141 Hac
154 4079 243 4157 ergo
262 4061 358 4156 prius
371 4058 556 4237 positione
571 4056 755 4159 prospecta
774 4058 907 4153 reliqua
921 4060 1114 4135 revocabis

386 4156 516 4240 edium.
580 4156 676 4239 Nam
702 4178 783 4235 curn
808 4156 944 4255 adjicit:
985 4162 1115 4257 Oportet

565 4264 684 4340 002
980 4265 1065 4332 mm
1144 4314 1148 4322 .

49 4160 100 4242 ad
126 4164 346 4259 superiorem
