2400 4590
197 518 258 571 na
282 494 720 573 Res-unnacnaoua
743 514 934 573 cinnas.
1021 513 1092 590 593

33 666 155 753 imago
175 656 287 747 Ado,
321 656 382 730 sed
409 678 484 729 non
511 676 655 733 carnem
680 676 872 730 monemur
894 674 1091 749 exponere.

34 758 74 831 Si
97 776 174 829 non
199 774 370 846 carnem,
401 775 488 851 ergo
512 754 851 847 conversationem,
876 768 919 827 ut
939 754 1092 847 proinde

36 858 73 929 u
87 852 235 927 coeleslis
249 856 438 949 imaginem
451 854 625 946 gestemus
640 856 678 927 in
691 854 817 926 nobis:
837 872 914 947 non
923 854 1092 945 jamllei‚

37 975 110 1029 nec
121 954 193 1047 jam
209 954 247 1027 in
266 957 359 1024 coelo
376 952 581 1041 constituti,
606 952 665 1026 sed
678 950 870 1026 secundum
886 953 1093 1025 liniamenta

35 1052 165 1127 Christi
188 1052 400 1124 incedentes
419 1053 455 1125 in
474 1048 656 1125 sanditate
675 1047 855 1141 &iustitia
875 1050 908 1120 dr
928 1053 1092 1122 veritate.

34 1152 162 1243 Atque
178 1151 270 1224 adeo
289 1152 332 1223 ad
347 1150 565 1241 disciplinam
585 1164 706 1223 totum
724 1149 798 1223 hoc
816 1149 954 1244 dirigit,
979 1162 1020 1221 ut
1035 1149 1094 1217 bic

34 1253 135 1326 dicat
151 1249 363 1342 portandam
383 1250 573 1344 imaginem
590 1246 716 1337 Christi
738 1253 771 1319 in
789 1246 852 1321 ista
873 1267 981 1319 carne
1004 1246 1036 1318 u
1056 1247 1094 1317 in

34 1349 107 1424 isto
123 1363 288 1442 tempore
302 1346 503 1440 discipline.
540 1348 728 1421 Portemus
742 1352 850 1439 enlm,
869 1349 1093 1439 praeceptivo

35 1447 174 1538 modo,
199 1448 342 1527 dicens,
370 1448 454 1519 lruic
471 1448 627 1541 tempori
640 1448 818 1538 loquitur,
839 1448 877 1519 in
891 1465 965 1535 quo
980 1446 1093 1519 homo

35 1548 140 1619 nulla
163 1546 230 1629 alia
247 1542 436 1619 substantia
460 1543 531 1629 est,
563 1566 668 1635 quam
688 1566 773 1617 caro
790 1542 823 1617 dt
841 1545 968 1619 anima.
1018 1542 1096 1614 Aut

35 1644 105 1719 etsi
125 1645 373 1734 quinalium,
398 1643 434 1715 id
454 1642 505 1715 erl
523 1643 702 1718 eoelestem
722 1643 946 1717 substantiam
961 1644 1037 1715 hec
1057 1637 1096 1713 fi·

37 1743 105 1815 des
123 1739 273 1835 spectat,
307 1742 392 1815 huic
411 1756 530 1815 tamen
547 1741 752 1835 repromissa
770 1742 836 1834 fit,
864 1744 922 1816 cui
940 1743 984 1814 ad
999 1743 1095 1813 illam

36 1843 227 1915 elaborare
244 1841 441 1916 mandatur.
493 1843 584 1915 cum
604 1843 710 1937 igitur
730 1843 919 1935 imaginem
941 1843 976 1912 δι
993 1841 1096 1913 clioi-

38 1943 74 2012 ci
94 1938 293 2013 &celestis
312 1941 350 2013 in
370 1938 650 2013 conversatione
674 1938 893 2028 constituat,
926 1941 1022 2013 illam
1039 1960 1096 2032 ge·

36 2039 209 2130 rendam,
231 2038 325 2113 hanc
346 2060 437 2111 vero
459 2038 674 2113 sedandam:
699 2039 830 2113 debinc
851 2038 1009 2136 adjungit
1031 2043 1098 2108 Hoc

36 2148 125 2209 enim
142 2140 222 2225 dico,
249 2135 307 2234 (id
324 2136 394 2229 est,
420 2153 651 2233 propterea,
678 2158 755 2231 qua·
775 2138 876 2231 supra
893 2139 983 2223 dixi,
1010 2157 1097 2213 con·

38 2238 177 2332 jundlio
192 2237 242 2310 est
257 2239 353 2313 enim
369 2236 486 2311 sensus
501 2237 785 2333 supplementum
798 2238 1097 2311 antecedentibus

40 2337 234 2432 redden8,)
252 2341 329 2431 quod
342 2360 412 2407 tare
423 2338 461 2411 (Ἰ
475 2340 599 2429 deriguit
616 2363 741 2430 regnum
761 2342 822 2409 Dei
838 2342 1021 2409 hereditate
1034 2336 1099 2431 pos-

30 2436 135 2535 fidere
153 2458 218 2502 non
235 2432 379 2523 poffirrir,
404 2436 493 2507 nihil
509 2437 603 2507 aliud
622 2438 772 2529 intelligi
793 2439 938 2508 mandat
953 2457 1098 2506 carnem

45 2533 82 2605 ἃ
104 2533 336 2624 sanguinem,
368 2551 473 2621 quam
497 2530 723 2623 supradidlam
751 2536 939 2625 imaginem
964 2534 1098 2621 choici,

42 2651 123 2721 que
140 2629 164 2701 s1
180 2632 217 2701 in
238 2628 517 2703 conversatione
533 2627 697 2703 censetur
714 2629 920 2720 vetustatis,
945 2650 1099 2702 conver·
1181 2710 1185 2717 ,

41 2728 135 2803 satio
159 2742 278 2800 autem
300 2725 485 2820 vetustatis
502 2748 579 2802 non
600 2730 718 2821 capiat
734 2728 803 2801 Dei
822 2749 991 2823 regnum:
1018 2746 1098 2820 pro-

40 2828 129 2902 inde
158 2846 242 2899 caro
268 2828 302 2898 &
325 2822 461 2923 sanguis
486 2847 562 2899 non
588 2827 767 2919 capiendo
788 2826 859 2899 Dei
883 2849 1028 2922 regnum
1055 2826 1099 2899 ad

42 2925 362 3002 conversationem
382 2926 590 3021 rediguntur
610 2928 781 3001 veritatis.
840 2926 949 2999 Plane
969 2926 992 2999 si
1011 2946 1100 2998 nun·

43 3047 151 3118 quarn
165 3024 364 3119 Apostolus
378 3044 446 3119 pro
461 3026 631 3117 operibus
643 3022 867 3101 substantiam
885 3024 1015 3119 posuit,
1030 3046 1099 3096 nec

42 3126 105 3198 liic
121 3128 171 3197 ita
187 3138 319 3198 utatur.
378 3122 414 3195 Si
436 3126 581 3197 veroin
599 3144 706 3198 carne
729 3126 843 3197 adbuc
867 3122 1099 3210 constitutos,

44 3225 194 3318 negavit
207 3222 277 3297 esse
294 3226 332 3295 in
350 3240 479 3314 carne,
498 3225 535 3295 in
550 3225 720 3316 operibus
737 3230 851 3297 carnis
867 3245 999 3317 negans
1016 3220 1099 3315 else,

42 3319 198 3396 sormam
219 3322 295 3411 ejus
319 3320 485 3395 subruere
506 3341 583 3395 non
607 3321 735 3395 debes:
760 3343 836 3395 non
851 3322 1099 3405 substantiam
1160 3358 1163 3363 ·

42 3419 107 3496 sed
122 3439 234 3512 opera
248 3418 444 3495 substantie
461 3422 647 3494 alienantis
661 3440 681 3493 a
697 3420 766 3492 Dei
784 3442 907 3517 regno.
958 3422 1100 3514 Quibus

44 3523 155 3595 etiam
177 3517 220 3590 ad
240 3516 383 3593 Galatas
403 3518 650 3610 manifestatis,
675 3518 867 3613 predicere
881 3520 938 3612 se,
964 3518 1101 3610 &pra-

43 3617 169 3695 dilliss'e
183 3616 395 3711 profitetur:
419 3622 496 3714 qaod
509 3624 567 3716 qui
578 3620 659 3691 iasio
670 3640 784 3713 agant,
810 3645 937 3713 regnam
958 3624 1101 3691 Dereion

35 3718 111 3815 fini
134 3723 172 3789 in
196 3718 381 3791 hereditate
403 3714 619 3892 confutareris
650 3739 727 3792 non
753 3732 940 3813 portantes
966 3716 1102 3791 scilicet

45 3818 236 3912 imaginem
259 3816 427 3898 celestis,
465 3834 542 3891 rcut
560 3831 798 3913 portaverant
817 3820 948 3893 choici.
1000 3818 1100 3890 ldeo·

47 3934 123 4007 que
136 3937 180 3989 ex
196 3934 322 3991 vetere
335 3917 638 4011 conversatione,
663 3918 751 3991 nibil
776 3916 869 3990 aliud
892 3916 1102 4008 deputandi,

48 4033 155 4104 quam
177 4036 262 4091 caro
284 4015 483 4113 &sanguin
534 4021 627 4091 Nam
647 4012 709 4090 etfi
730 4013 846 4089 subito
868 4018 904 4089 in
929 4016 1022 4089 lianc
1043 4015 1102 4087 do·

45 4110 254 4189 finitionem
270 4114 437 4210 erupisset
447 4114 667 4211 Apostolus,
692 4116 943 4193 eliminandam
958 4136 1102 4191 carnem

99 4208 236 4290 Terras.
265 4212 351 4289 Tem,
376 4218 421 4290 ss.
656 4214 718 4310 Pp
1019 4211 1053 4286 u
