2468 4530
309 478 385 537 pa
435 456 855 545 oration·
1045 484 1092 562 33

49 622 94 697 in·
114 618 328 716 videntur,
373 620 474 714 quod
495 618 691 715 Apostolur
720 640 800 695 non
826 618 993 719 virgines
1022 640 1092 700 no·

49 724 223 814 linatim,
262 720 322 795 sed
348 721 517 795 mulieres
541 720 779 819 designaverit
801 721 970 795 velandae
995 720 1090 813 etse;

49 842 97 894 ec
116 820 266 911 sexum,
299 832 344 893 ut
363 818 499 893 diceret
522 818 696 911 feminas,
729 818 788 893 sed
805 818 952 916 gradum
971 822 1090 918 sexus,

49 922 190 994 ieendo
217 920 398 995 mulieres.
453 917 548 992 Nam
574 918 599 993 li
626 918 746 991 sexum
770 916 1003 1005 nominallet,
1035 920 1091 996 fe·

49 1022 141 1093 rinaa
164 1017 355 1107 dicendo,
386 1015 547 1091 absolute
568 1011 746 1090 delinillet
771 1016 818 1091 ‹le
842 1020 942 1091 omni
965 1020 1091 1095 mulie·

49 1141 77 1194 e.
130 1114 213 1189 Aut
230 1137 341 1209 quum
359 1136 468 1192 unum
483 1116 628 1213 gradum
652 1114 754 1188 sexus
775 1118 957 1207 nominat,
981 1120 1092 1195 alium

49 1215 189 1290 rcendo
208 1214 371 1291 secernit
423 1214 548 1289 Potuit
567 1218 685 1305 enim,
710 1214 896 1306 inquiunt.
918 1218 954 1289 ἅ
973 1216 1093 1313 Virgi-

49 1338 91 1389 er
111 1314 308 1391 nominare
327 1314 540 1411 specialiter,
563 1329 626 1390 aut
640 1314 862 1409 compendio
875 1318 1092 1411 generaliter

49 1436 194 1491 eminae.

106 1516 166 1589 16.
193 1514 268 1609 Qui
281 1511 573 1603 nicomedem,
596 1516 797 1611 recogitare
810 1512 947 1587 debent
963 1510 1091 1591 detta·

49 1634 70 1687 u
90 1614 269 1687 vocabuli
292 1610 419 1705 ipsine,
445 1609 530 1703 quid
548 1606 601 1683 est
619 1615 786 1687 muliera
807 1614 928 1707 prinis
945 1612 1092 1703 quidem

49 1716 162 1786 itteris
189 1708 390 1785 sanatorum
407 1712 772 1801 commentariorum
795 1732 877 1785 narn
896 1710 1092 1787 inveniunt

49 1812 130 1885 'exus
143 1830 284 1883 nornen
298 1806 384 1904 elle,
395 1830 471 1883 non
488 1808 632 1906 gradum
644 1807 759 1885 serua.
783 1808 965 1901 Siquidem
974 1804 1092 1885 Evam

49 1910 196 1983 mnrium
217 1911 334 1981 vitum
347 1922 531 2003 expertam
545 1908 647 1984 D'eur
667 1908 900 1986 mulierem&
919 1907 1092 1985 seminam

49 2008 327 2105 ¹agnominavit:
344 2006 524 2083 feminam,
542 2028 611 2099 qua
618 2007 722 2081 sexus
728 2010 956 2107 generaliter,
967 2010 1091 2083 mulie·

49 2130 126 2201 em,
157 2127 229 2199 qua
242 2107 369 2205 gradus
394 2104 495 2181 sexus
514 2104 725 2201 specialiter.
776 2106 981 2199 Itaqueiam
1000 2122 1091 2181 mne

49 2220 185 2302 nnupta
200 2208 315 2293 adhuc
337 2202 414 2279 Eva
432 2206 591 2279 mulieria
610 2208 796 2281 vocabulo
813 2207 901 2293 luit,
925 2227 1092 2283 comanu-

49 2330 74 2379 ιε
88 2308 127 2379 id
152 2308 370 2377 vocabulum
384 2304 419 2376 t
433 2306 560 2402 virgini
575 2304 704 2379 latium
725 2304 788 2381 est.
839 2302 922 2380 Nec
936 2309 1089 2401 mirum,

49 2402 285 2497 inpostolus
314 2404 447 2479 eodem
479 2406 604 2495 utique
629 2403 752 2499 spiritu
777 2402 893 2493 allus,
928 2425 1091 2496 quocum

49 2506 151 2577 imnis
162 2502 334 2597 scriptura
346 2502 588 2593 divinitatum,
607 2500 711 2577 &illa
725 2504 864 2599 genesis
875 2503 1008 2599 digesta
1022 2503 1089 2595 est,

49 2604 158 2677 adem
183 2621 281 2676 voce
301 2598 382 2675 usus
402 2600 476 2693 eli,
501 2604 687 2676 mulierem
713 2604 912 2695 ponend0;
934 2623 1011 2691 qua·
1028 2622 1093 2671 ex·

49 2704 156 2795 inpio
187 2696 278 2773 Evae
303 2702 463 2793 innupta
495 2698 532 2769 &
556 2700 686 2793 virgini
710 2714 910 2789 competat.
958 2698 1091 2771 Cetera

49 2800 191 2893 lenique
210 2820 288 2872 non
310 2795 459 2883 sonant,
486 2816 569 2871 narn
592 2794 627 2868 ἃ
651 2796 726 2869 hoc
740 2794 840 2891 ipso,
865 2794 964 2887 quod
986 2798 1093 2893 virgi·

49 2920 93 2973 tes
117 2921 198 2973 non
216 2898 444 2987 nominavit,
470 2894 560 2969 ficut
578 2896 649 2969 alio
669 2896 707 2969 in
733 2898 845 2978 loco,
871 2896 932 2973 ubi
954 2896 1002 2969 de
1026 2917 1092 2969 nu·

49 2999 154 3073 tendo
178 2999 314 3091 docet,
338 2995 418 3069 satis
437 2996 604 3091 praedicat
618 2994 665 3068 de
683 2996 786 3069 omni
803 2996 973 3090 muliere,
996 2994 1090 3071 &de

49 3096 219 3171 nen-sexu
233 3094 377 3188 dilium,
402 3117 471 3169 nec
485 3093 682 3168 distintlum
699 3093 770 3167 elle
786 3095 881 3167 inter
895 3098 1090 3192 virginem,

49 3200 188 3271 >mnino
215 3216 292 3269 non
321 3196 495 3269 nominat.
550 3195 622 3290 Qui
649 3195 745 3268 enirn
768 3194 850 3267 alibi
875 3194 1091 3287 distinguere

49 3298 222 3387 meminit,
248 3295 308 3367 ubi
333 3293 468 3367 scilicet
485 3292 688 3367 differentia
711 3290 868 3387 postulat
887 3291 1093 3389 (distinguit

49 3410 155 3469 tutem
175 3412 365 3485 utramque
384 3390 537 3485 speciem
562 3391 630 3465 liris
649 3394 837 3465 vocabulis
858 3392 1043 3483 designans
1055 3390 1091 3563 a?

49 3496 91 3567 rbi
108 3514 190 3567 non
203 3492 395 3583 distinguit
420 3491 505 3565 dum
519 3506 706 3583 utramque
719 3510 796 3563 non
812 3493 990 3581 nominat,
1013 3508 1093 3561 nu·

49 3615 103 3669 am
122 3592 208 3666 vult
226 3587 463 3665 differentiam
488 3590 650 3683 intelligi.
701 3586 830 3684 Quid?
854 3588 954 3677 quod
1012 3608 1090 3661 aeco

49 3690 226 3775 ermom,
252 3710 324 3781 quo
347 3690 485 3763 litteras
505 3687 702 3784 Apostolus
715 3688 824 3777 iecit,
849 3684 925 3759 usui
946 3708 969 3757 e
1012 3708 1093 3759 rnu-

49 3793 140 3865 ieret
176 3810 311 3863 vocate
341 3801 414 3861 tam
444 3790 623 3882 feminas,
645 3788 681 3861 id
706 3788 758 3861 est
781 3814 829 3878 pa
843 3812 960 3863 aiau,
983 3808 1092 3877 quam

49 3890 191 3966 θυλιιαι.
243 3890 353 3982 Igitur
365 3890 389 3961 lt
405 3909 472 3981 pro
491 3888 591 3961 sexus
607 3890 756 3961 nomine
769 3887 986 3959 vocabulum
1001 3885 1093 3959 istud

49 3986 303 4083 iequentatur‚
326 3987 424 4079 quod
442 3986 493 4060 est
507 3989 807 4079 interpretatione
823 4007 890 4080 prn
902 4007 965 4069 eo,
990 3984 1093 4075 quod

49 4088 88 4163 al
111 4084 267 4171 femina,
302 4084 422 4161 sexum
443 4090 669 4182 nominavit,
693 4084 817 4162 dicens
837 4109 998 4185 paratam·
1049 4080 1096 4157 ln

88 4181 227 4265 Tartm.
245 4186 333 4262 Tam
344 4188 389 4262 11.
587 4186 619 4260 c
964 4182 1060 4263 tera
