2400 4590
199 548 247 619 .'
323 506 839 593 nacanurcmus'nr.
970 502 976 511 ’
1038 520 1148 614 519³

11 736 16 743 .
52 674 118 748 viri
136 677 352 770 voluntate,
380 678 463 771 quia
480 698 526 752 ex
541 677 614 753 Dei
632 677 826 753 uoluntate
846 676 1001 751 verbum
1022 694 1111 753 caro

52 774 178 850 fanum
193 770 255 853 eil'.
288 775 349 850 Ad
363 796 507 851 carnem
522 778 616 853 enirn
628 797 706 851 non
722 776 767 851 ad
783 775 936 851 verbum
950 777 1113 871 pertinet

50 876 193 971 negatio
208 874 372 949 'formalis
389 876 519 951 nostre
536 877 755 967 nativitatis,
780 877 864 968 quia
880 893 967 983 caro
983 874 1032 949 sic
1050 876 1110 951 ba-

49 974 156 1067 bebat
172 973 288 1067 nasci,
315 996 391 1049 non
406 978 569 1053 verbum.
619 973 766 1073 Negans
782 990 906 1067 autem
923 996 969 1049 ex
992 975 1111 1047 carnis

49 1094 192 1166 quoque
216 1076 411 1149 voluntate
432 1091 577 1169 natum,
603 1094 668 1149 cur
682 1096 759 1149 non
774 1075 922 1247 negavit
937 1072 1044 1148 'etiam
1062 1094 1110 1147 ex

47 1168 234 1247 substantia
250 1175 381 1250 carnis:
404 1196 525 1267 neque
545 1176 641 1249 enim
659 1177 742 1268 quia
757 1196 805 1251 cx
833 1175 986 1271 anguine
1002 1190 1109 1269 nega·

46 1273 122 1365 vit,
146 1271 371 1349 substantiam
389 1276 503 1349 carnis
516 1274 657 1368 renuit,
682 1272 742 1349 sed
756 1277 938 1349 nuteriam
953 1272 1108 1366 seminis,

48 1391 150 1460 quam
164 1371 305 1447 constat
318 1371 493 1471 sanguinis
508 1372 579 1448 esse
591 1376 767 1449 caloremt
783 1389 826 1447 ut
838 1370 1108 1467 despumatione

44 1483 220 1545 mutatum
247 1472 284 1546 in
308 1476 497 1571 coagulum
526 1471 700 1570 sanguinis
721 1473 873 1549 femine.
934 1471 1030 1545 Nam
1059 1492 1107 1544 ex
1194 1544 1197 1549 .

46 1570 202 1665 coagulo
214 1571 254 1645 in
271 1570 375 1647 caseo
390 1573 446 1645 via
461 1570 513 1646 est
526 1570 742 1663 substantie,
768 1594 874 1665 quam
890 1570 1107 1647 medicando

44 1667 276 1765 constringit,
298 1670 423 1765 idest,
442 1672 558 1747 latiis:
602 1670 834 1768 Intelligimus
850 1692 938 1767 ergo
955 1692 1000 1744 ex
1019 1691 1106 1743 con·

43 1767 171 1841 cubitu
191 1772 418 1847 nativitatem
436 1772 574 1847 domini
587 1784 776 1869 negatam,
812 1769 911 1862 quod
930 1768 1018 1863 sapit
1039 1768 1121 1843 vol.

41 1867 161 1939 luntas
183 1871 273 1963 viri,
299 1869 335 1943 dc
354 1872 492 1965 castris,
517 1890 595 1945 non
612 1871 1104 1965 ex.s⁷ulvaeparticipatione.⁴

42 1960 93 2037 Et
119 1967 204 2058 quid
226 1970 350 2063 utique
373 1984 447 2047 tam
476 1983 734 2069 exaggeranter
765 1969 988 2060 inculcavit,
1027 1990 1106 2041 non

42 2086 89 2139 ex
105 2063 292 2165 sanguine,
317 2090 388 2145 nec
400 2092 447 2144 ex
462 2072 577 2145 carnia
591 2072 784 2146 voluntate
798 2083 860 2143 aut
873 2068 946 2151 viri
960 2082 1104 2167 naturus

40 2164 104 2237 nisi
130 2169 210 2257 quia
237 2190 279 2241 ea
302 2182 380 2247 erat
407 2190 525 2263 caro,
560 2190 665 2265 quam
688 2191 733 2243 ex
758 2170 957 2245 concubitu
983 2180 1138 2241 naum..

40 2285 150 2337 nemo
169 2267 377 2340 dubitaret?
407 2269 554 2367 Negans
573 2290 689 2363 porto
713 2268 999 2359 exconcubina,
1024 2288 1104 2340 non

38 2365 189 2457 negavit
209 2386 253 2440 ex
278 2388 406 2456 carne;
439 2370 513 2443 iano
536 2366 768 2442 confirmavit
789 2390 835 2442 ex
859 2389 988 2441 carne:
1015 2368 1107 2458 quia

39 2482 117 2535 non
144 2465 297 2558 proinde
322 2470 470 2562 negavit
492 2489 538 2539 ex
562 2488 691 2559 carne,
722 2468 812 2542 sicut
837 2490 882 2540 ex
904 2467 1105 2538 concubitu

38 2565 198 2658 negavit.
250 2563 331 2637 Oro
350 2586 421 2639 vos
442 2566 467 2640 si
484 2566 555 2639 Dei
574 2563 714 2660 spiritus
730 2587 806 2638 non
830 2564 875 2638 de
897 2568 1011 2635 vulva
1029 2583 1106 2635 car·

39 2682 123 2736 nem
138 2663 413 2756 participaturus
434 2664 616 2740 descendit
629 2666 666 2741 in
683 2666 852 2756 vulvam,
878 2681 943 2735 cur
958 2660 1104 2745 descen-

39 2762 93 2835 dit
110 2762 146 2834 in
167 2761 346 2838 vulvam?
376 2766 500 2857 potuit
517 2764 612 2845 enim
627 2777 729 2838 extra
748 2784 826 2836 eam
839 2759 919 2835 ficri
935 2781 1021 2834 caro
1037 2760 1105 2854 spi·

37 2862 150 2935 ritulis
165 2860 353 2956 simplicius
370 2864 508 2956 multo,
534 2883 638 2961 oram
654 2865 749 2937 intra
761 2864 910 2937 vulvam
922 2858 1102 2935 lieret'ex·

37 2975 95 3034 tra
110 2962 270 3038 vulvam.
320 2963 405 3039 Sine
420 2961 533 3037 caussa
545 2985 593 3038 eo
607 2962 644 3038 se
657 2962 799 3055 innuit,
820 2961 917 3036 unde
933 2960 1023 3037 nibil
1041 2982 1101 3033 ex·

36 3060 133 3135 tulit
182 3061 252 3135 Sed
270 3083 348 3137 non
360 3062 435 3137 stne
448 3062 563 3137 caussa
575 3062 756 3139 descendit
769 3062 806 3135 in
823 3064 992 3154 vulvam,
1012 3082 1102 3155 ergo

36 3180 86 3234 ex
109 3159 169 3231 illa
195 3163 345 3260 accepit.
408 3165 505 3262 Quia
526 3163 551 3238 fi
576 3185 652 3238 non
674 3184 721 3236 ex
746 3162 805 3235 illa
827 3161 990 3255 accepit,
1026 3159 1103 3234 sine

37 3254 155 3332 caussa
168 3259 204 3331 in
220 3261 314 3337 illam
327 3260 530 3357 descendit,
555 3265 709 3339 maxime
725 3263 801 3354 eius
815 3261 995 3353 qualitatis
1011 3277 1103 3332 cano

34 3361 201 3452 futurus,
228 3380 305 3452 qun
322 3384 399 3437 non
416 3364 653 3457 eratvulvae,
678 3360 798 3453 idest,
825 3360 997 3453 spiritalis.

114 3478 170 3531 ao.
200 3460 325 3555 Qualis
340 3460 391 3536 est
409 3476 529 3535 autem
545 3458 910 3551 tortuositas'vestra,
934 3472 977 3531 ut
990 3455 1099 3547 ipsam

32 3585 74 3633 ex
94 3555 260 3651 syllabam
282 3561 544 3656 propositionis
569 3558 692 3635 officio
719 3557 930 3730 adscriptam
957 3555 1100 3629 auferre

36 3659 217 3749 queraris:
253 3661 371 3735 &alia
389 3662 497 3756 magis
515 3663 570 3733 uti
586 3682 663 3753 quae
677 3661 717 3733 in
736 3660 804 3732 hac
831 3659 934 3752 pecie
949 3676 1026 3729 non
1045 3653 1100 3735 inq

33 3756 182 3831 venitur
193 3779 306 3856 penes
321 3757 509 3855 scripturas
521 3757 665 3836 sanetas.
717 3762 777 3833 Per
789 3756 967 3853 virginem
979 3746 1102 3835 dicitis

32 3868 180 3950 natum,
206 3880 284 3934 non
306 3885 345 3932 ex
367 3860 529 3955 virgine,
555 3858 590 3932 dt
614 3863 653 3929 in
675 3860 797 3945 vulva,
821 3877 897 3944 non
917 3881 955 3925 cx
978 3856 1096 3940 vulva,

31 3958 119 4053 quia
137 3956 172 4029 dc
192 3961 338 4055 angelus
355 3957 540 4032 insomnis
558 3958 603 4032 ad
614 3954 767 4055 Joseph:
803 3959 894 4029 Illam
910 3956 988 4052 quod
1007 3961 1047 4029 in
1060 3979 1101 4028 ec

27 4054 148 4132 natum
164 4058 223 4149 eli,
249 4059 387 4152 inquit,
410 4057 575 4155 despicior
584 4058 697 4147 hallo
713 4056 770 4155 ιβ,
794 4076 869 4127 non
886 4052 977 4127 dixin
993 4080 1030 4123 ex
1048 4079 1115 4145 eu„

28 4158 340 4259 Naupactum,
365 4158 429 4237 ctst
448 4181 486 4229 ex
500 4155 720 4335 sufflasset,
743 4161 781 4229 in
802 4178 840 4231 ea
858 4155 1020 4237 diaetatt
1053 4156 1101 4233 lo

594 4278 607 4295 '
632 4281 658 4351 4
1010 4280 1047 4331 ea
