2400 4590
114 516 182 591 itt
241 508 289 605 Q.
314 504 450 601 Sitia.
476 503 617 581 Fron.
644 502 1009 580 Tarrutiiiiiti

109 665 375 745 afflittationen
392 665 486 742 suain
506 664 704 741 offerentes
722 664 818 741 Deo.
868 663 970 740 Deua
992 664 1089 739 enim
1112 666 1171 766 dp·

109 770 225 856 lotes3
251 764 364 860 &qui
376 766 462 841 naso
477 788 554 841 non
566 766 768 862 deridetur,
794 764 1012 839 adulantium
1035 762 1172 839 scilicet

95 867 266 957 ,bonitati
279 870 366 961 ejus.
415 864 465 940 Et
479 868 539 958 qai
555 868 640 939 iicet
655 868 808 959 patiens,
826 880 947 941 tamen
961 885 1025 959 per
1032 860 1172 940 Esaiam

111 967 352 1041 comminetur
365 968 545 1061 patientia
565 962 691 1041 finem:
728 960 852 1053 Tacui,
877 968 1023 1061 nunquid
1037 963 1077 1039 ss
1088 968 1174 1051 sem·

78 1150 81 1157 Ι
104 1068 284 1163 periurabo
306 1066 345 1143 (5
361 1062 541 1163 sustinebo?
572 1070 696 1162 Quievi
716 1069 808 1137 velut
830 1071 1034 1162 parturient,
1065 1066 1175 1154 exsur-

106 1191 197 1262 gam,
222 1168 262 1243 ὕ
282 1169 414 1257 arescere
424 1166 553 1259 faciam.
608 1172 692 1261 Ignis
709 1170 794 1237 enim
809 1170 946 1249 pracedat
963 1181 1039 1235 aare
1050 1163 1173 1256 faciem

109 1269 220 1364 ipfiim
248 1266 286 1343 θ
304 1283 414 1337 exuret
430 1270 673 1365 inimicaseju13
699 1288 776 1340 non
793 1266 908 1341 solum
926 1284 1082 1358 corpu8,
1105 1288 1171 1351 ve·

106 1388 186 1440 rum
207 1364 241 1438 dt
262 1368 393 1442 animas
416 1365 585 1439 occidens
605 1368 641 1439 in
662 1368 869 1461 gehennam.
928 1363 1097 1438 Ceterum
1113 1366 1171 1457 ju-

108 1468 310 1541 dicantibus
328 1466 516 1559 quomodo
530 1466 710 1540 Dominus
732 1467 992 1557 comminetur,
1019 1462 1091 1556 ipse
1108 1466 1169 1539 de-

108 1565 292 1643 monstrat.
343 1569 416 1660 Quo
433 1572 518 1636 enim
530 1570 648 1663 judicia
660 1570 899 1660 judicaveritis,
921 1566 1117 1662 judicabitur
1132 1566 1171 1637 de

105 1668 195 1737 votis
255 1664 311 1739 Ita
324 1687 401 1739 noii
413 1666 599 1759 prohibuit
608 1666 790 1761 judicare,
806 1665 866 1741 sed
881 1665 1016 1739 docuit.
1058 1664 1171 1739 Unde

108 1767 143 1839 di
158 1763 367 1859 Apostolos·
373 1766 531 1859 judicat,
563 1766 754 1860 &quidem
770 1769 810 1839 in
826 1764 941 1839 caussa
957 1764 1170 1837 somicatio·

106 1869 186 1960 nis,
212 1864 413 1939 dedendum
434 1867 609 1959 ejusmodi
630 1868 811 1941 hominem
828 1866 966 1940 Satanae
985 1864 1024 1936 in
1044 1836 1170 1939 interi·

107 1982 183 2041 tum
202 1966 338 2052 carnis3
365 1964 550 2061 increpans
568 1968 694 2059 etiam,
721 1965 820 2058 quod
836 1963 965 2040 fratres
982 1984 1059 2037 non
1071 1965 1168 2057 apud

104 2062 243 2140 santius
253 2065 508 2158 judicarentur.
559 2064 744 2159 Adjiciens
757 2067 852 2139 enini
864 2064 998 2157 inquit:
1032 2068 1076 2135 Ut
1090 2067 1169 2161 quid

76 2190 79 2196 ·
105 2168 188 2235 misai
205 2190 271 2249 cas,
301 2170 358 2260 qui
374 2165 461 2253 „soris
477 2167 557 2251 sant
572 2170 732 2261 judicare?
765 2164 925 2237 Dimittis
950 2176 1090 2252 autem,
1122 2179 1167 2235 ut

105 2264 305 2339 dimittatur
321 2264 386 2337 tibi
402 2262 529 2341 aDe0.
555 2264 695 2339 Deiitta
710 2265 925 2338 mundantur
942 2286 1020 2355 qiiae
1033 2261 1109 2355 quis
1127 2263 1167 2337 in

104 2365 274 2457 fratrem,
293 2384 369 2437 non
383 2364 503 2437 Deum
518 2365 705 2440 admiserit.
757 2363 996 2437 Debitoribus
1012 2362 1169 2453 denique

104 2462 304 2539 dimissuros
320 2485 389 2537 nos
404 2465 442 2537 in
456 2466 625 2539 oratione
637 2460 871 2559 profitemur,
898 2462 1044 2535 sednon
1060 2460 1169 2535 decet

102 2568 199 2637 ultra
229 2563 274 2636 de
305 2564 517 2639 auctoritate
547 2565 800 2661 scripturarum
831 2563 1008 2656 ejusmodi
1042 2560 1167 2637 sunem

103 2660 398 2757 contentiosum,
431 2667 572 2739 alterno
597 2664 705 2739 dudiu
728 2664 765 2737 in
792 2661 930 2736 diversa
952 2658 1165 2754 distendere,

102 2780 146 2839 ut
167 2765 243 2839 haec
263 2763 473 2861 restringere
495 2767 618 2839 frenos
638 2765 851 2859 discipline,
885 2765 945 2835 illa
967 2765 1088 2834 laxare
1112 2763 1166 2833 vi·

104 2865 249 2955 deatui,
278 2867 370 2953 quasi
386 2867 531 2937 incerta
546 2867 763 2957 poenitentiae
778 2860 983 2949 subsidium,
1009 2861 1068 2932 ilia
1080 2882 1165 2953 pio·

101 2962 262 3035 sternere
278 2984 342 3051 per
357 2964 563 3053 lenitatem,
590 2965 664 3035 hac
680 2985 812 3058 negare
831 2983 895 3055 per
913 2960 1163 3036 austeritatem.

99 3058 236 3135 Porrro
261 3058 508 3133 &andaricus
534 3058 714 3155 scriptura
737 3064 773 3134 in
794 3058 861 3133 suis
882 3061 1044 3135 terminis
1058 3058 1165 3133 stabit

100 3159 173 3235 sine
195 3158 366 3233 alterutra
387 3162 643 3255 oppositione,
678 3162 712 3234 di
734 3162 953 3255 poenitentiae
978 3156 1164 3239 subsidium

100 3259 170 3333 suis
196 3255 464 3332 conditionibus
491 3261 745 3335 determinatur
768 3261 841 3333 sine
864 3261 994 3355 passiva
1019 3254 1164 3331 conces·

100 3361 215 3452 sione,
233 3357 267 3431 dt
282 3354 361 3450 ipsae
378 3360 474 3450 prius
490 3360 612 3433 caussae
627 3363 703 3453 ejus
720 3360 980 3456 distinguuntur
993 3360 1063 3432 sine
1076 3378 1165 3430 con·

99 3456 175 3533 fusa
193 3456 456 3551 praepositione.
509 3458 649 3535 Caussas
664 3462 882 3554 poenitentiae
902 3458 1026 3532 delicia
1040 3457 1166 3530 condi·

42 3586 78 3613 ·=
100 3558 223 3631 cimus.
284 3557 372 3633 Haec
397 3558 586 3632 dividimus
612 3563 648 3633 in
673 3561 765 3633 duos
790 3563 930 3651 exitus,
966 3560 1032 3629 alia
1058 3569 1167 3628 erunt

98 3655 330 3752 remissibilia,
364 3659 430 3731 alia
453 3658 702 3734 irremissibilia.
764 3657 967 3734 Secundum
985 3656 1083 3749 quod
1103 3679 1164 3729 ne·

97 3756 185 3831 mini
199 3757 343 3833 dubium
358 3757 407 3833 est
420 3760 486 3833 alia
499 3757 766 3855 castigationem
782 3763 925 3851 mereri,
944 3758 1010 3831 alia
1025 3757 1165 3830 damna·

92 3858 248 3931 tionem.
307 3856 426 3933 Omne
449 3857 614 3933 desidium
643 3872 705 3931 aut
732 3861 840 3933 venia
865 3858 1067 3953 expungit,
1101 3870 1164 3928 aut

95 3976 218 4129 ssoem‘
239 3959 364 4050 venia,
382 3980 428 4031 ex
443 3957 690 4054 castigatione:
718 3980 842 4051 poena,
859 3982 904 4033 ex
919 3958 1162 4030 damnatione.

137 4080 157 4130 e
171 4052 234 4129 ista
252 4055 455 4133 differentia
465 4061 537 4155 jain
551 4058 585 4133 δι
601 4058 769 4153 quasdam
778 4058 1001 4152 premisimus
1016 4057 1164 4129 alterca-

95 4156 216 4229 tiones
239 4151 517 4252 ttripturarum,
550 4159 633 4234 hinc
651 4159 912 4252 retinentium,
943 4156 1167 4231 hincdimit·

1034 4268 1112 4328 ten·

343 4486 416 4511 ,ι’-κ.
