2400 4590
216 534 277 591 or
302 498 736 595 Resonn'scarons
760 538 951 593 cnnurs.
1035 537 1109 615 595

47 675 142 753 istud
155 677 201 752 ab
213 676 503 768 immortalitate,
519 676 556 751 id
566 674 620 751 est
633 676 771 777 sanguis
785 674 868 773 post
882 674 1111 754 resurrediio·

47 797 155 868 nem,
181 798 226 849 ex
241 776 509 851 demutatione.-
533 778 664 863 merito
680 778 863 871 demutata
877 796 919 850 ac
932 776 1109 853 devorata

49 896 137 951 caro
151 875 185 948 dc
201 874 359 971 sanguis,
376 896 525 972 regnum
538 876 610 951 Dei
619 875 827 950 hereditate
839 872 1013 971 polluere
1029 898 1108 955 non

47 973 292 1072 possununon
304 988 512 1049 tamennon
523 973 736 1050 resuscitata.
749 974 910 1069 Suntqui
921 974 1109 1050 carnem&

48 1074 254 1170 sanguinem
264 1070 480 1169 Judaismum
496 1076 614 1147 velint
631 1074 746 1169 accipi
761 1086 914 1168 propter
925 1075 1109 1147 circumci-

47 1172 200 1252 sionem,
212 1172 367 1247 alienum
383 1174 419 1245 dc
434 1171 546 1267 ipsum
559 1172 660 1245 aDei
674 1192 805 1270 regno:
824 1171 954 1266 quia&
971 1175 1032 1251 ille
1047 1193 1110 1245 ve·

47 1271 169 1345 tulisti
188 1271 401 1365 deputetur,
427 1270 551 1347 &hoc
567 1272 677 1346 titulo
694 1273 767 1364 iant
786 1271 821 1345 dt
837 1274 919 1347 alibi
941 1273 987 1350 sb
1003 1271 1107 1365 Apo·

49 1367 148 1442 stolo
163 1370 380 1462 denotetur,
407 1372 467 1463 qui
484 1370 565 1463 post
579 1372 780 1447 revelatum
795 1372 830 1446 in
847 1370 882 1445 se
898 1368 1011 1445 filiurn
1020 1372 1107 1465 Dei,

49 1468 95 1541 ad
115 1470 434 1566 evangelizandum
458 1491 541 1544 eum
568 1471 606 1543 in
629 1470 865 1563 notionibus,
895 1469 1012 1545 statim
1029 1492 1109 1545 non

48 1570 252 1641 retulerunt
269 1594 395 1639 carnem
415 1570 664 1663 distinguerem,
689 1570 727 1643 id
747 1568 854 1644 estad
868 1570 1109 1644 circumciso·

47 1687 155 1759 nem,
179 1667 215 1741 id
232 1664 343 1741 estad
364 1668 601 1763 Judaismum:
634 1668 724 1743 licut
743 1670 787 1743 ad
808 1666 953 1743 Galatas
974 1665 1107 1745 scribit.

124 1785 183 1854 51.
209 1739 280 1840 sed
294 1786 363 1861 pro
378 1764 546 1841 omnibus
555 1772 628 1861 jam
642 1766 768 1858 stabit,
793 1769 892 1859 quod
916 1764 1107 1843 clausulam

47 1863 329 1958 reservavimus,
355 1869 461 1941 ctiam
477 1886 544 1959 pro
562 1864 745 1961 Apostolo
763 1866 840 1961 ipso
855 1886 983 1941 revera
998 1870 1108 1940 maxi-

46 1986 116 2040 mae
137 1964 445 2039 inconsiderantiae
466 1966 720 2058 revincendo,
751 1962 776 2037 sl
798 1979 871 2039 tam
893 1965 1043 2059 abrupte
1065 1978 1107 2037 ut

47 2063 191 2154 quidam
212 2066 348 2138 volunt
364 2064 487 2138 clausis
504 2060 625 2160 (quod
645 2062 765 2161 ajunt)
793 2064 939 2157 oculis,
963 2063 1036 2138 stne
1056 2064 1107 2137 di-

46 2160 263 2255 stinuione,
289 2183 435 2237 omnem
460 2161 577 2257 paffirn
609 2184 752 2238 carnem
787 2162 820 2235 u
853 2164 1108 2261 sanguinent
1168 2164 1172 2173 '

46 2282 163 2357 regno
181 2262 250 2336 Dei
270 2262 435 2352 exnusrt,
461 2265 587 2354 utique
602 2262 638 2335 dr
654 2265 697 2337 ab
719 2260 791 2356 ipsa
808 2263 904 2357 regia
914 2264 1106 2336 coelorum:

48 2380 133 2434 cum
152 2363 224 2433 illic
245 2360 361 2435 adhuc
383 2360 482 2433 sedet
495 2362 594 2454 Jesus
618 2364 662 2433 ad
681 2362 863 2435 dexteram
882 2364 1016 2454 patris,
1041 2362 1108 2435 ho·

47 2481 133 2545 mo,
160 2456 225 2530 etsr
241 2457 369 2531 Deus:
394 2457 509 2531 Adam
526 2457 748 2546 novissimus,
774 2455 1107 2552 etsrsermoprima-

47 2561 141 2631 rius:
168 2554 263 2629 Caro
279 2555 313 2629 dr
327 2556 488 2652 sanguis,
514 2557 577 2630 etst
597 2554 726 2628 nostris
749 2556 918 2645 puriora:
943 2558 1038 2631 idem
1056 2572 1107 2629 ta·

48 2677 135 2731 rnen
154 2654 187 2726 st
208 2653 398 2729 substantia
416 2656 450 2729 dr
470 2654 585 2728 forma
606 2674 675 2746 qua
695 2653 877 2745 ascendit,
902 2656 982 2727 talis
999 2658 1108 2731 etiam

49 2752 281 2829 descensurus
306 2751 369 2851 (ut
388 2757 503 2850 angeli
522 2750 731 2851 adfirmant)
750 2750 995 2849 agnoscendus
1019 2753 1109 2828 scili-

50 2869 114 2928 cet
134 2856 213 2946 eis,
246 2857 306 2945 qui
322 2855 422 2930 illurn
441 2854 812 2927 convulneraverunt
864 2851 934 2927 Hic
952 2854 1107 2951 sequester

52 2958 120 3028 Dra·
136 2970 231 3053 arque
245 2956 409 3025 hominum
424 2955 644 3048 appellatus,
670 2972 715 3025 eu
726 2953 912 3043 utriusque
924 2956 1033 3047 partis
1049 2953 1109 3027 de·

48 3056 172 3150 polito
194 3050 382 3129 commisso
402 3052 488 3137 sibi,
516 3053 631 3125 carnia
651 3071 797 3145 quoque
819 3050 1020 3146 depostum
1043 3051 1109 3126 ser·

52 3166 119 3226 vat
134 3157 170 3224 in
184 3150 395 3248 semetipso,
421 3153 631 3227 arrabonem
647 3146 788 3227 summu
804 3155 929 3227 totius.
973 3154 1109 3247 Quem·

53 3251 247 3327 admodum
271 3256 367 3327 enim
389 3254 497 3326 nobis
515 3250 697 3323 amalonem
714 3253 849 3347 spiritus
870 3251 1032 3344 reliquit,
1057 3252 1109 3323 its

51 3352 89 3426 ἃ
105 3350 212 3423 nobis
235 3352 446 3426 arrabonem
467 3352 584 3425 carnis
608 3353 770 3444 accepit,
804 3348 956 3421 &vexit
976 3351 1014 3421 in
1038 3370 1109 3420 coc·

51 3454 128 3527 lum
148 3450 276 3545 pignus
290 3451 404 3523 totius
418 3448 581 3539 summae,
607 3450 693 3523 illuc
711 3447 928 3541 quandoque
948 3447 1109 3543 redigen·

52 3551 121 3626 dae.
176 3549 299 3622 Securi
316 3547 432 3624 estote
452 3570 537 3622 caro
553 3546 761 3647 &sanguim
785 3543 970 3639 usurpastis
991 3546 1110 3619 &cm-

52 3646 177 3725 lumdt
196 3667 345 3745 regnum
359 3648 432 3723 Dei
447 3650 484 3722 in
498 3644 653 3725 Christo.
703 3646 819 3721 Autli
837 3658 973 3741 negent
984 3666 1053 3718 vos
1069 3647 1109 3719 in

54 3744 220 3840 Christo,
246 3746 479 3844 negent&in
496 3749 591 3822 coelo
604 3743 804 3838 Christum,
829 3746 891 3829 oui
913 3745 1019 3817 vobis
1037 3766 1108 3817 coe-

54 3846 131 3937 lup
153 3862 390 3944 negaverunt.
446 3848 501 3922 lta
530 3867 602 3921 nec
626 3844 854 3939 corruptela,
890 3845 1024 3936 inquit,
1057 3845 1109 3917 in·

56 3949 299 4039 corruptelam
318 3946 519 4022 hereditati
538 3945 710 4020 habebit:
741 3960 819 4017 non
839 3954 882 4015 ut
908 3962 1051 4019 carnem
1074 3941 1109 4015 d:

53 4047 260 4141 sanguinem
285 4044 464 4122 existimes
491 4043 756 4137 corruptelam,
783 4040 927 4135 quando
948 4041 1022 4135 ipsa
1041 4040 1110 4116 int

53 4148 180 4244 potius
190 4147 353 4222 obnoxia
364 4146 604 4316 corruptelg,
627 4152 858 4237 pernoctem
868 4140 1016 4219 scilicet.
1036 4138 1116 4257 ⁸81·-

30 4271 32 4275 ¹
591 4264 663 4339 pa
985 4260 1059 4332 qur·
