2400 4590
393 526 455 585 aa
506 504 794 590 onerose.
957 558 987 595 .-,
1074 534 1126 628 2.

60 668 201 745 inimicis
218 667 407 759 excubat,
428 688 499 763 pro
512 666 801 763 persequentibus
817 668 998 765 supplicat.
1044 670 1121 759 Ml·

61 768 167 845 nnnsr
189 788 310 859 aquas
330 767 487 843 coelestes
507 783 724 863 extorquere
742 770 871 861 novit,
904 792 980 863 que
993 764 1119 865 potuit

61 867 201 967 dignes
220 866 448 961 impetrares
478 866 562 941 Sola
578 868 630 943 est
644 870 784 961 oratio,
809 890 888 963 quar
904 870 1024 945 Duum
1037 874 1118 945 vin·

60 970 107 1045 o't.
174 966 257 1041 Sed
292 964 448 1041 Christus
482 990 559 1041 eam
591 967 680 1043 nihil
710 970 790 1041 rnali
822 970 933 1045 novit
963 969 1116 1062 operari.

60 1066 213 1145 Omnem
232 1066 287 1139 illi
302 1066 474 1141 virtutem
482 1068 532 1141 de
549 1070 652 1145 bono
672 1068 839 1145 contulit.
887 1068 1014 1161 ltaque
1029 1068 1116 1143 nihil

58 1168 183 1259 rosit,
222 1164 291 1239 nist
315 1164 561 1239 defunuorun
585 1169 717 1241 animas
740 1167 785 1241 de
807 1164 884 1260 ipso
907 1166 1036 1241 mortis
1058 1166 1118 1240 iti·

57 1286 132 1341 nere
151 1282 326 1357 vocare,
356 1266 490 1339 debiles
511 1264 737 1357 reformare,
769 1284 885 1361 aegros
907 1266 1116 1361 remediare,

57 1364 302 1441 enoniacos
327 1365 491 1459 expiare,
521 1364 670 1439 claustra
691 1364 842 1439 carceris
856 1364 1012 1458 aperire,
1034 1364 1116 1442 vin·

58 1466 128 1540 erle
143 1463 403 1541 innocentium
417 1464 570 1541 solvere.
610 1457 744 1540 Eadenr
755 1464 859 1537 diluit
870 1457 1019 1555 deliria,
1034 1473 1115 1541 ten·

57 1564 214 1639 tationes
234 1564 404 1653 repellit,
428 1562 723 1659 persequutiones
750 1561 952 1661 extinguit,
977 1550 1115 1657 pusilla·

56 1664 167 1739 rimos
184 1658 420 1751 consolatur,
439 1664 681 1759 magnanimos
695 1660 872 1757 oblettat,
888 1660 1115 1756 peregrinan-

57 1774 104 1835 tes
126 1760 310 1853 deducit,
340 1757 465 1835 nunus
485 1762 648 1857 mitigat,
679 1762 838 1835 latrones
859 1760 1113 1857 obstupefacit,

60 1862 115 1935 alit
131 1880 337 1955 pauperes,
357 1860 456 1957 regit
476 1860 631 1955 divites,
656 1859 771 1953 lapsos
792 1861 915 1955 erigit,
943 1859 1112 1933 cadentes

58 1956 256 2055 suspendit,
281 1956 412 2033 stantes
431 1962 604 2035 continet.
655 1958 786 2031 Oratio
803 1980 923 2035 munus
943 1957 995 2033 est
1012 1954 1112 2051 fidei,

57 2080 143 2135 arma
163 2058 298 2133 &tela
319 2056 439 2132 nostra
461 2058 627 2133 adversus
646 2057 855 2152 hominem,
888 2058 948 2151 qui
963 2079 1033 2133 nos
1046 2078 1112 2133 un·

58 2158 155 2253 dique
184 2153 371 2233 observat
432 2156 556 2251 ltaque
580 2178 768 2249 nurnquarn
792 2158 945 2235 inermes
969 2157 1112 2233 incedo·

56 2280 136 2335 nus.
205 2256 281 2331 Die
303 2254 502 2347 stationis,
535 2256 641 2332 noOe
669 2258 807 2353 Vigiliae
834 2256 1109 2335 meminerimus.

26 2411 31 2420 .
56 2358 119 2433 Snb
140 2358 255 2432 armis
278 2356 451 2429 orationis
471 2356 604 2453 signum
622 2356 732 2433 nostri
746 2358 975 2455 Imperatoris
991 2354 1110 2431 custo·

57 2456 208 2547 dianus,
237 2456 359 2527 tubam
376 2452 503 2551 Angeli
522 2452 759 2549 exspetlemus
780 2472 936 2533 orantes.
989 2454 1109 2529 Orant

58 2562 154 2633 etiarn
176 2556 310 2651 Angeli
328 2576 464 2631 ornnes.
515 2552 608 2629 Orat
623 2558 739 2631 omnis
759 2574 932 2635 creatura.
990 2552 1111 2627 Orant

58 2658 226 2751 pecudes,
257 2655 293 2727 or
314 2652 417 2745 ferae,
445 2656 479 2727 dr
503 2676 618 2749 genua
639 2656 843 2745 declinant,
868 2656 903 2729 u
926 2650 1110 2746 egredien-

58 2770 104 2831 tes
118 2758 165 2831 de
183 2754 331 2829 stabulis
347 2776 387 2827 ac
402 2752 600 2849 speluncis,
625 2752 668 2825 ad
685 2754 808 2827 celum
826 2772 902 2825 non
919 2746 1026 2821 otiosr
1043 2768 1109 2821 ore

58 2854 258 2951 suspiciunt,
277 2848 669 2945 vibrantesspiritusuo
682 2871 844 2927 movere.
892 2848 1109 2925 Sed&aves

23 2950 29 3042 ¹,
58 2976 142 3031 runc
158 2953 394 3049 exsurgentes
411 2953 593 3050 eriguntur
605 2950 648 3025 ad
667 2952 812 3043 coelunr,
835 2950 1015 3023 &alarum
1029 2966 1109 3019 cru·

26 3048 31 3128 ’Ξ
60 3074 122 3132 tem
139 3076 212 3151 pro
230 3052 395 3127 menibus
411 3052 632 3144 extendunt,
648 3050 682 3124 dt
698 3051 823 3125 dicunt
839 3048 988 3141 aliquid,
1007 3044 1107 3141 quod

60 3158 165 3231 oratio
192 3152 378 3227 videatur.
435 3150 532 3321 (guid
551 3170 638 3245 ergo
661 3151 809 3242 amplius
828 3150 872 3223 de
889 3146 1010 3221 offitio
1028 3166 1107 3219 ora·

30 3240 36 3325 ’ζ
62 3254 185 3333 lonis?
212 3250 339 3327 Etiarn
358 3245 430 3344 ipse
477 3250 617 3321 ominus
637 3250 778 3343 oravit,
804 3250 862 3324 cui
878 3248 920 3325 srt
932 3250 1054 3325 honor
1072 3242 1110 3321 dt

7 3415 10 3425 .
33 3352 39 3378 ’
62 3358 157 3435 titus
173 3358 214 3435 in
230 3350 354 3429 secula
374 3346 584 3425 seculorum.
