2468 4530
88 528 140 607 et
219 520 269 621 Q.
294 514 434 595 serr.
459 513 604 593 Fron.
629 512 999 594 Tarrunnrnrrr

86 678 178 757 fidei
193 676 512 779 gratiasamficrre
524 678 569 752 de
585 676 663 752 filio
676 678 836 773 jufferat,
861 678 919 754 sed
935 676 1131 776 probando

93 792 137 855 ut
158 802 225 877 per
252 780 490 856 ersmsaceret
514 782 717 874 exemplum
741 796 925 874 precepto
952 777 1037 863 suo,
1073 800 1138 872 qur

91 878 1138 1073 ditissimisdissuasistiiiii

92 1098 174 1153 nem
190 1081 403 1153 tentationis
418 1076 686 1156 demonstravit
712 1080 820 1153 Hunc
834 1082 956 1153 iocum
974 1074 1138 1170 posterio

89 1178 191 1255 ribus
207 1174 419 1253 confirmat:
445 1184 543 1250 orare
556 1180 669 1266 dicens,
694 1184 923 1251 mereremini.
947 1174 1056 1250 Adeo
1071 1190 1135 1251 tea

89 1279 159 1349 tari
177 1278 259 1351 sunt
276 1278 463 1353 dominum
483 1277 705 1364 deserendo,
731 1282 791 1370 qui
811 1278 940 1353 somno
957 1277 1078 1369 potius
1096 1278 1138 1351 in

92 1374 294 1469 dulserant,
320 1398 424 1470 quam
441 1380 610 1455 orationi.
660 1376 758 1473 Ergo
772 1376 967 1471 respon-det
983 1372 1138 1469 clausula

90 1476 332 1570 interpretans
347 1476 432 1569 quid
446 1477 508 1569 srt,
531 1498 580 1552 ne
593 1497 663 1551 nor
677 1476 832 1549 deducas
844 1478 881 1551 in
896 1476 1138 1551 tentationem

82 1572 178 1649 sHoc
198 1574 252 1649 est
268 1578 387 1668 enim,
414 1578 476 1647 Sed
494 1578 660 1648 eucherus
674 1603 696 1651 a
712 1577 804 1647 molo.
867 1578 871 1589 '

84 1718 91 1729 -
167 1696 202 1769 9.
229 1672 464 1767 Compendiis
481 1697 678 1770 paucorum
692 1678 906 1763 verborum,
932 1684 1025 1765 quot
1043 1674 1138 1747 attin

81 1832 89 1843 .
141 1788 226 1847 ntur
248 1772 361 1849 edida
381 1774 673 1869 Prophetarum,
705 1772 1008 1869 Evangeliorum,
1042 1772 1138 1865 Apo

148 1876 287 1966 lorum,
320 1872 503 1949 sermones
522 1874 693 1966 Domini,
727 1876 926 1967 parabole,
959 1875 1138 1967 exempla,

91 1988 291 2070 precepta,
317 1986 411 2065 quot
431 1973 528 2048 smus
544 1986 797 2069 expunguntur
816 1970 961 2047 officia?
983 1970 1057 2045 Dei
1083 1972 1138 2047 ho

91 2092 174 2155 nor,
191 2075 230 2145 in
244 2084 367 2164 parre3
386 2070 472 2147 fidei
487 2071 743 2163 testimonium,
755 2075 791 2145 in
808 2072 982 2159 nomine,
1007 2072 1138 2148 oblatis

91 2170 269 2263 obsequii,
279 2173 316 2245 in
331 2175 543 2265 voluntates
560 2175 860 2246 commemoratio
874 2169 1138 2267 spei,inregno;

84 2272 226 2367 petitio
248 2274 355 2363 vitae,
380 2274 419 2343 in
436 2292 552 2366 panes
575 2272 839 2367 exomologesis
856 2270 1083 2357 debitorum,
1108 2273 1138 2343 ir

90 2370 372 2465 deprecatione;
387 2372 592 2445 sollicitudo
605 2374 863 2463 tentationum,
887 2371 925 2443 in
940 2368 1138 2465 postulatio

90 2490 141 2545 ne
155 2472 291 2545 tutele.
341 2470 440 2567 Quid
455 2468 605 2545 mirum?
629 2469 730 2543 Deus
747 2468 842 2542 solur
860 2472 995 2544 docere
1012 2472 1138 2561 potuit

90 2581 135 2643 ut
159 2567 195 2643 se
219 2570 336 2643 veliet
358 2571 464 2645 orari.
515 2569 575 2643 Ab
600 2567 678 2663 ipso
704 2570 808 2663 igitur
833 2570 998 2642 ordinata
1022 2570 1138 2665 religia

93 2668 295 2759 orationis,
319 2668 354 2742 dc
377 2670 423 2741 de
441 2668 565 2765 spiritu
587 2668 692 2762 ipsius
714 2668 785 2759 iam
804 2682 893 2743 tunc
912 2688 993 2741 cum
1016 2688 1062 2739 ex
1082 2688 1138 2740 ora

18 2770 31 2787 ”
92 2768 220 2843 divino
239 2766 413 2860 serretur,
439 2770 615 2859 animata,
641 2770 705 2841 suo
721 2768 911 2861 privilegio
938 2766 1094 2841 ascendit
1108 2768 1138 2839 ir

94 2868 243 2956 colum,
268 2867 525 2940 commendans
539 2870 723 2960 patrique
742 2864 835 2949 filius
859 2868 994 2951 docuit.
1046 2868 1138 2959 Quo

87 2966 186 3040 niam
202 2976 322 3039 tamen
343 2965 510 3039 dominus
529 2964 738 3061 prospedior
755 2965 985 3037 humanarum
1002 2962 1138 3037 neceffi·

91 3076 220 3153 tatum,
237 3060 393 3137 seorsum
406 3063 488 3159 post
498 3066 662 3141 traditam
674 3064 800 3137 orandi
813 3062 1043 3159 disciplinam,
1062 3064 1138 3133 Peri

92 3178 146 3249 rr,
171 3163 309 3255 inquit,
342 3160 383 3238 di
402 3168 582 3260 κάμψῃ
615 3163 769 3251 desunt,
795 3184 873 3255 quae
892 3174 1061 3256 petantur
1076 3180 1138 3253 pre

92 3260 356 3337 circumstantia
373 3265 566 3355 cujusque,
590 3260 761 3359 premissa
784 3262 940 3357 legitima
957 3258 993 3333 u
1009 3260 1138 3335 ordino

91 3365 144 3435 ria
162 3362 331 3435 oratione
353 3363 447 3453 quast
467 3363 728 3454 fundamento,
755 3358 995 3436 accidentium
1016 3363 1073 3453 jus
1095 3358 1138 3435 cd

92 3461 362 3552 desideriorum,
374 3464 430 3553 jus
441 3460 491 3535 est
501 3460 760 3556 superstruendi
772 3459 990 3533 extrinsecus
1002 3460 1138 3554 petitio

92 3580 170 3634 nea.
197 3558 289 3633 Cum
304 3563 475 3635 memoria
488 3576 607 3636 tamen
622 3575 899 3654 preceptorum,
917 3581 965 3631 ne
978 3572 1138 3649 quantun

94 3679 115 3731 a
130 3662 344 3753 preceptis,
370 3673 509 3735 tantum
525 3664 569 3735 ab
585 3660 727 3733 auribus
745 3660 819 3733 Dei
836 3660 946 3755 longe
966 3660 1082 3731 fimus.

81 3810 88 3819 -
180 3778 235 3832 ro.
260 3758 440 3835 Memoria
473 3772 759 3853 preceptorum,
794 3760 890 3831 viam
922 3757 1138 3831 orationibus

92 3852 220 3930 sternit
242 3856 285 3928 ad
304 3863 454 3951 coelum,
481 3878 634 3950 quorum
650 3860 869 3953 praecipuum
888 3854 959 3930 est:
985 3876 1033 3928 ne
1050 3858 1138 3947 prius

92 3954 320 4029 ascendamus
341 3960 384 4031 ad
400 3957 472 4034 Dei
496 3959 631 4049 altare,
658 3976 784 4049 quam,
811 3956 942 4048 siquid
964 3954 1138 4029 discordia

91 4054 156 4127 vel
168 4050 314 4126 offensae
330 4077 411 4131 cunr
428 4056 593 4131 fratribus
605 4059 903 4148 contraxerimus,
914 4052 1135 4129 resolvamus

92 4154 193 4257 Quid
210 4150 263 4229 est
276 4156 374 4232 enim
388 4156 576 4253 adparens
591 4153 666 4231 Dei
680 4156 854 4233 accedere
872 4154 947 4231 fine
960 4151 1138 4325 paceisaa‘

979 4274 1096 4329 remi·
