2400 4590
236 492 255 567 ἶ
312 540 388 597 ne
435 520 883 605 Monoeurm.
1047 544 1117 627 ¹49

66 680 220 771 orimum
248 678 330 757 dum
344 702 471 758 ornnes
486 682 580 777 apud
594 682 712 761 Deum
727 706 855 771 unum;
879 684 966 760 lieet
976 706 1114 763 mercer

64 782 190 869 varia,
223 782 310 853 licet
329 786 433 853 multa
457 784 624 879 muvfiones
647 806 755 879 penes
785 797 923 878 patrem
949 788 1114 881 eundem,

62 900 139 953 reno
163 878 314 954 denario
332 882 490 974 eiusdem
505 882 678 957 mercedis
692 886 852 977 operati,
875 882 912 955 id
933 882 1006 975 est,
1027 888 1115 963 vite

63 992 224 1051 eterna:
248 981 284 1051 in
301 1000 371 1069 qua
386 984 493 1077 magia
508 1002 583 1055 non
599 978 790 1077 separabit,
817 1003 907 1074 quos
924 982 1115 1075 coniunxit

60 1072 189 1168 Deus,
215 1099 319 1168 quam
340 1082 376 1151 in
388 1078 450 1153 ista
464 1082 604 1155 minore
616 1082 694 1157 vita
705 1080 850 1175 separari
866 1094 978 1159 vetat.
1022 1078 1115 1159 eum

61 1174 138 1251 hec
161 1177 215 1249 ita
236 1176 330 1268 lint,
366 1179 552 1271 quomodo
571 1180 627 1254 alii
651 1182 734 1253 viro
760 1181 921 1271 vacabit,
945 1202 1023 1275 quae
1047 1177 1113 1253 suo

64 1276 168 1349 etiam
190 1276 226 1348 in
245 1276 404 1353 futurum
418 1294 594 1373 occupata
609 1278 686 1353 esti
711 1278 864 1369 Utrique
880 1292 998 1353 autern
1015 1278 1115 1353 sexui

63 1374 264 1467 loquimur,
290 1376 353 1451 etfi
368 1378 413 1451 ad
430 1379 577 1453 alterum
596 1377 710 1451 senno
728 1376 803 1469 est,
828 1378 910 1467 quia
927 1399 997 1449 una
1014 1378 1115 1451 disci·

63 1475 158 1567 plina
190 1474 327 1567 praeell.
387 1476 508 1551 Alium
535 1478 682 1551 habebit
700 1479 738 1551 in
762 1475 909 1569 spiritu,
942 1476 1047 1549 alium
1072 1478 1112 1549 in

63 1590 194 1645 eune:
228 1573 304 1647 hoe
325 1578 393 1649 erit
413 1576 648 1669 adulterium,
672 1575 777 1649 unius
797 1575 935 1649 feminae
955 1576 993 1647 in
1017 1572 1112 1648 duoe

62 1672 164 1745 viros
179 1671 408 1751 conscientia.
457 1676 493 1747 Si
512 1678 601 1750 alter
614 1696 634 1747 a
646 1694 751 1749 came
763 1673 953 1765 disiunilus
966 1672 1038 1765 est,
1052 1670 1114 1747 sed

62 1768 231 1845 incorde
245 1785 430 1865 remanet,
459 1775 532 1848 illic
546 1776 607 1847 ubi
626 1776 732 1847 etiam
753 1774 930 1877 cogitatup
948 1772 1020 1847 line
1037 1790 1113 1845 car·

62 1868 116 1945 uit
139 1870 381 1966 congressu&
404 1874 612 1947 adulterium
635 1886 719 1947 ante
742 1870 881 1967 perlicit
906 1894 952 1945 ex
977 1892 1113 1945 concu-

63 1966 251 2061 piscentia,
267 1972 302 2043 ‘dt
316 1973 577 2047 matrimonium
596 1994 643 2045 ex
657 1972 858 2047 voluntate.
906 1970 1032 2063 Usque
1052 1968 1112 2043 ad·

60 2064 131 2141 duc
152 2070 303 2143 maritus
323 2070 399 2163 est,
430 2070 540 2163 ipsum
559 2072 647 2145 illud
669 2070 844 2163 polidens
865 2090 930 2163 per
956 2069 1055 2161 quod
1074 2068 1112 2143 dt

61 2164 170 2241 fanus
192 2168 264 2258 est,
289 2169 413 2261 idest,
440 2173 614 2264 animum,
639 2173 678 2243 in
693 2170 804 2263 quoii
823 2170 856 2245 dt
875 2170 961 2241 alius
975 2169 1110 2241 habita·

61 2264 132 2358 bit,
158 2270 234 2341 hoc
251 2270 318 2339 erit
334 2272 475 2345 crimen.
527 2270 700 2343 Caeterum
713 2291 790 2343 non
808 2269 858 2343 est
875 2268 1054 2359 exclusus,
1080 2266 1107 2341 fi

61 2369 223 2441 avidiore
235 2372 450 2442 commercio
465 2370 577 2443 carnis
592 2370 747 2444 disceffit
794 2368 1020 2444 Honoratior
1036 2388 1107 2441 ma·

58 2468 144 2541 ritus
163 2466 238 2557 est,
263 2483 398 2559 quanto
412 2471 577 2543 mundior
591 2469 700 2543 iatius
717 2468 780 2543 est.

133 2590 193 2641 ιι.
218 2566 273 2639 Ut
291 2569 396 2662 igitur
416 2572 454 2640 in
476 2569 562 2641 Deo
581 2571 693 2641 nubas
719 2565 910 2639 secundum
931 2566 1047 2658 legem
1072 2560 1110 2633 da

11 2728 13 2734 ,
56 2664 302 2762 Apostolum,
335 2668 359 2739 s1
380 2683 499 2739 tamen
519 2668 580 2738 vel
599 2668 672 2737 hoc
693 2685 816 2751 curas,
849 2663 959 2751 qualis
979 2682 1039 2748 es,
1069 2656 1108 2731 id

56 2766 320 2841 matrimonium
333 2765 534 2857 postulans,
561 2763 659 2855 quod
680 2762 732 2833 eis
753 2784 773 2832 a
792 2760 917 2851 qttibus
934 2755 1108 2851 postulas,

54 2888 131 2941 non
149 2867 238 2937 licet
255 2864 387 2941 habere
404 2866 447 2937 ab
459 2861 642 2960 Episcopo
658 2880 900 2955 monogamo,
925 2856 1107 2949 apresby·

55 2966 143 3037 teris
163 2966 199 3037 da
219 2964 375 3037 diaconis
393 2964 551 3057 ejusdem
571 2960 795 3050 sacramenti,
822 2980 842 3031 a
859 2956 994 3050 viduis,
1022 2976 1107 3048 qua·

55 3085 135 3139 nrm
150 3062 275 3137 setiam
290 3066 327 3136 in
340 3078 377 3137 te
387 3061 576 3139 recusasti?
603 3061 700 3135 &illi
718 3060 821 3152 plane
837 3058 885 3131 fic
903 3056 1037 3130 dabunt
1049 3055 1106 3127 ui-

55 3184 117 3235 ros
140 3163 175 3235 &
194 3183 356 3253 uxores,
388 3164 576 3254 quomodo
592 3161 783 3234 buccellas.
837 3156 922 3230 Hoc
943 3158 1036 3229 enim
1052 3152 1106 3229 est

55 3263 149 3356 apud
162 3263 268 3352 illos,
295 3262 392 3334 omni
406 3266 542 3354 petenti
555 3278 596 3335 te
608 3260 731 3352 dabis,
753 3258 1104 3351 &conjungentvoe

55 3360 96 3433 in
111 3361 255 3433 ecclesia
269 3362 429 3455 virgine,
441 3362 543 3433 unius
560 3359 685 3433 Cluisti
698 3359 802 3429 unica
815 3352 957 3447 sponsa,
976 3353 1011 3423 δι
1025 3368 1105 3421 ora·

56 3459 110 3533 bis
129 3482 198 3555 pro
219 3462 353 3533 maritis
374 3462 442 3532 tuis
465 3481 569 3533 novo
588 3459 622 3531 dt
643 3472 780 3528 vetere.
836 3450 961 3546 Elige,
988 3449 1047 3521 cui
1065 3464 1105 3520 te

55 3560 251 3632 adulteram
270 3558 429 3652 praestes3
462 3574 555 3650 puto
570 3558 752 3628 ambobus.
804 3552 917 3648 Quod
935 3549 961 3623 st
979 3546 1103 3638 sapio,

55 3672 172 3731 taceas
196 3658 394 3747 defundlo,
424 3657 609 3750 repudium
640 3656 681 3728 fit
712 3653 763 3725 illi
789 3650 965 3723 filentium
981 3661 1103 3717 tuum:

53 3758 178 3831 alienis
198 3759 271 3850 jam
301 3756 479 3831 dotalibus
502 3754 695 3846 scriptum,
728 3753 802 3823 hoc
826 3747 939 3821 modo
963 3762 1104 3817 novtun

51 3858 315 3949 promereberis
329 3856 512 3947 maritum,
538 3854 709 3928 fiveteris
724 3844 966 3935 obliviscaris,
992 3841 1102 3917 debet

53 3957 162 4051 magis
187 3956 238 4028 illi
259 3955 423 4049 placere,
457 3967 608 4047 propter
626 3973 731 4043 quem
752 3947 836 4018 Deo
863 3944 1002 4035 placere
1023 3962 1102 4015 non

53 4054 214 4128 maluisti.
263 4054 351 4127 Haec
363 4050 522 4145 Psychici
542 4054 674 4125 volunt
695 4043 907 4141 Apostolum
923 4040 1103 4139 proballe,

55 4158 174 4229 autin
191 4166 311 4231 totum
330 4170 409 4227 uon
429 4149 660 4325 recogitlagle,
694 4168 774 4223 cum
790 4139 961 4223 scriberet
966 4140 1103 4311 irigatior

623 4272 644 4351 3
939 4266 965 4313 v
1034 4264 1055 4313 ss
