2400 4590
140 438 145 455 ’
192 474 724 575 nnRrsunrrcrrorrn
756 492 970 579 cratus·
1026 485 1096 566 581

1160 411 1166 454 l

37 638 94 710 lus
110 626 310 711 exhoriuit.
362 632 513 709 Constat
529 646 761 711 nonttntum
774 632 849 708 ossa
861 635 1007 731 durare,
1034 660 1100 727 ue·

37 756 117 808 rurn
134 733 306 829 &dentes
319 735 555 828 incorruptos
570 754 787 828 perennare,
815 756 892 827 quae
905 746 948 809 ut
967 733 1099 813 semina

36 834 238 907 retinentur
271 830 520 909 fruilifieaturi
549 835 715 926 corporis
752 835 791 906 in
826 832 1095 917 neuneuione,

40 932 227 1041 Postremo
251 933 313 1005 etsr
333 948 421 1005 tunc
439 933 656 1007 devoratum
672 934 879 1007 invenietur
892 937 1045 1008 mortale
1057 937 1100 1011 in

39 1034 202 1106 ornnibus
216 1032 388 1123 mortuis,
404 1047 504 1106 certe
520 1045 690 1122 amorre,
710 1038 809 1106 certe
823 1034 870 1107 ah
882 1055 980 1126 aevo,
996 1048 1113 1109 certe·

35 1153 101 1226 per
123 1147 290 1224 aetatern,
317 1130 477 1223 nunquid
500 1132 641 1223 avita,
666 1132 827 1224 nunquid
851 1132 1097 1224 asuperindu·

34 1246 188 1322 mento,
220 1230 382 1321 nunquid
404 1232 451 1304 ab
471 1230 750 1303 immortalitatis
769 1229 937 1327 ingestu?
974 1232 1097 1307 Porro

34 1331 117 1421 quia
138 1329 192 1402 his
218 1333 267 1402 ait
290 1330 509 1403 devoratura
522 1329 566 1402 iri
581 1331 755 1423 mortale,
779 1332 824 1403 ab
841 1331 916 1403 aliis
930 1333 1094 1427 negavit.

32 1427 84 1501 Et
107 1431 229 1519 utique
252 1431 367 1503 hoca
387 1428 517 1503 divinis
540 1428 701 1521 viribus,
730 1450 808 1503 nora
835 1432 1092 1505 anaturolibus

31 1524 158 1621 perfici
175 1527 398 1621 praestarique
416 1527 626 1602 conveniet.
676 1525 775 1625 Ergo
794 1550 875 1603 cum
895 1551 915 1601 a
934 1530 1012 1603 vita
1032 1532 1093 1605 lra-

31 1630 118 1700 beat
134 1626 304 1701 devorari
323 1626 422 1719 quod
438 1628 592 1702 mortale
612 1625 683 1720 ast,
709 1626 746 1699 id
760 1628 923 1701 exhiberi
940 1629 1094 1703 omnifa-
1165 1715 1183 1727 Ι,

31 1729 120 1799 riam
134 1724 360 1819 necelleest,
380 1738 422 1798 ut
437 1726 656 1817 devoretur,
683 1723 898 1831 &devorari
911 1742 955 1801 ut
971 1727 1092 1803 demu-

30 1839 142 1900 tetur.
193 1825 231 1898 Si
244 1826 364 1921 ignem
385 1825 481 1899 dices
502 1824 649 1901 accendi
668 1840 860 1921 oportere,
886 1848 964 1900 non
981 1843 1094 1921 potes

28 1923 88 2014 id,
105 1944 174 2015 per·
188 1924 289 2018 quod
302 1924 530 2017 recenditur,
552 1925 633 1999 alibi
645 1922 1091 2023 neeeuarturnadrirnare,

29 2023 116 2097 alibi
134 2044 223 2101 non.
272 2022 390 2099 Sic&
415 2046 496 2101 cum
522 2022 693 2117 infulcit,
717 2028 882 2121 Siquidm
906 2033 996 2097 exuti
1020 2052 1092 2099 raon

26 2127 111 2193 nudi
122 2128 348 2211 invenimur,
375 2123 420 2197 de
436 2126 487 2199 eis
503 2120 636 2197 scilicet
656 2122 814 2215 quinon
834 2123 872 2197 in
894 2126 993 2217 vita,
1018 2146 1093 2200 nec

27 2224 67 2296 in
87 2244 195 2296 carne
214 2224 563 2317 deprehendentura
577 2222 634 2297 die
649 2222 804 2299 donini:
830 2244 907 2297 non
929 2227 1013 2299 alias
1026 2236 1089 2300 'ne-

27 2314 148 2418 gavit'
153 2323 295 2414 nudos,
327 2345 418 2412 quos
436 2321 598 2415 praedixit
615 2338 768 2413 exutor,
795 2322 863 2396 nist·
881 2322 963 2414 quia
983 2345 1089 2399 reve-

26 2421 131 2495 stitos
150 2423 270 2507 voluit
293 2422 443 2516 intelligi
470 2420 594 2493 cadem
617 2418 828 2511 substantia,
856 2443 925 2511 qua
945 2422 1089 2497 fuerant

26 2519 180 2611 spoliati.
230 2518 285 2591 Ut
298 2518 385 2590 nudi
404 2519 501 2590 enirn
513 2517 761 2591 invenientur:
788 2538 895 2593 carne
911 2518 1091 2612 depolita,

26 2620 90 2690 vel
112 2639 156 2687 ex
174 2633 275 2708 parte
293 2614 427 2689 disciffa
438 2615 513 2689 srvc
532 2614 673 2689 detritu
723 2614 773 2689 Et
787 2617 865 2689 hoc·
878 2618 971 2691 enirn
986 2617 1087 2691 nudi·

26 2733 82 2792 tas
102 2715 221 2809 potest
240 2717 320 2789 dici.
370 2714 519 2787 Dehinc·
534 2714 710 2808 recipient
724 2736 822 2807 earn,
847 2729 890 2787 ut
906 2714 1088 2793 redinduti

25 2837 133 2888 corne
153 2813 229 2888 ficri
252 2814 381 2908 pollint
402 2815 509 2888 etiarn
533 2811 753 2908 liuperinduti
768 2813 1087 2899 inmortalitatem.

25 2915 239 3007 Superindui
264 2915 358 2988 enirn
377 2914 440 2989 nifi
461 2910 595 2991 vellito
616 2913 689 3006 jam
710 2913 1003 2993 eonvenitenon
1017 2936 1086 3013 pm

24 3017 122 3091 terit.
884 3066 887 3071 -

100 3134 158 3203 43.
185 3110 346 3186 Proinde·
365 3133 447 3189 cutn
473 3112 580 3191 dicu:
619 3115 731 3211 daque
753 3110 859 3210 corfifi
869 3112 1012 3211 semper,
1044 3112 1086 3191 ot

20 3208 156 3307 [cientes
175 3216 253 3308 quod
277 3237 346 3283 cum
372 3220 573 3284 immoramur
593 3215 783 3309 incorpore,
805 3219 1085 3309 peregrinemur

22 3312 159 3383 domitto.
215 3314 273 3383 Per
281 3314 378 3403 fidem
389 3318 475 3389 mim
488 3312 659 3385 laedimus
674 3336 740 3385 nort
751 3316 953 3410 perspicient
1005 3310 1086 3385 Mat

20 3408 191 3485 nifestuot
206 3410 257 3485 cst
279 3413 352 3487 hoc
373 3435 518 3504 quoque
535 3433 609 3484 non
624 3413 807 3507 pertinere
821 3413 864 3487 ad
877 3410 1090 3487 offuscatiot.

20 3532 107 3585 nem
130 3512 244 3583 carnis
269 3512 362 3603 quasi
383 3512 574 3603 separantis
596 3532 664 3583 nos
688 3534 708 3584 a
728 3512 889 3586 domino.
951 3509 1002 3583 Et
1023 3511 1084 3584 hic

21 3612 118 3687 enirn
133 3609 341 3683 exhortatio
354 3608 569 3687 fastidienda
581 3609 668 3684 vite
685 3612 792 3703 hujus·
804 3610 1027 3703 obvertitur,
1041 3610 1086 3683 ΐιι

22 3709 167 3796 quidem
195 3711 461 3806 peregrinamur
486 3732 506 3785 a
529 3708 681 3791 domino
714 3710 883 3803 quamdiu
912 3708 1088 3793 vivimus,

19 3804 94 3882 Pet
112 3804 220 3881 lidern
238 3809 467 3902 incedentes,
499 3829 579 3883 non-
598 3828 664 3900 per
681 3807 856 3903 speciem,
880 3806 919 3880 id
932 3805 992 3881 'eit
1006 3805 1083 3902 spe,

16 3925 98 3979 non
116 3927 174 3978 re:
207 3906 342 3981 &ideo
357 3908 558 4003 subjungit:
580 3906 749 3981 Fidentes
765 3906 1086 3987 attendebantur

16 4005 182 4079 dicentes
201 4010 311 4105 tnagis
329 4007 548 4104 peregrinari
568 4029 589 4079 a
607 4026 769 4103 corpore
788 4006 823 4079 da
841 4007 1021 4083 inmorari
1037 4002 1086 4087 ud

17 4105 234 4203 dominum,
265 4105 400 4187 scilicet
421 4118 465 4185 ut
486 4126 563 4282 ρεὸ
574 4103 726 4198 speciem
745 4106 855 4209 mugit
874 4103 1086 4189 ucedanua
1175 4174 1178 4181 .

575 4224 600 4279 0
628 4228 649 4303 3
925 4224 1033 4306 ‘1⁸⁸1ss
