2400 4590
87 522 161 601 aaa
233 518 282 614 Q.
308 515 442 594 Serr.
466 514 609 595 Fton.
633 516 1010 595 Terruttrnur

87 674 225 769 Etiam
240 678 323 752 luce
339 699 457 774 nova,
480 681 551 773 jam
574 680 674 752 dono
691 680 822 772 plenus
838 698 1026 777 utroque,

87 774 272 853 Frut'tibus
292 778 326 851 dt
342 779 437 850 vivae
456 777 600 873 paradisi
615 781 714 851 laetus
730 780 882 867 amoenis

87 866 230 951 Laudet
248 880 472 955 maternum
490 875 620 953 coelesti
639 878 741 953 dives
757 878 795 951 in
812 880 912 953 aula.
979 934 1004 955 -,

96 1028 1148 1099 ‹n--d——rr

436 1160 791 1239 LIBERII.

91 1302 123 1359 1.
199 1280 357 1375 ostquam
375 1282 485 1357 frasta
502 1280 590 1357 fides
607 1281 737 1379 refugis
756 1280 987 1377 spirantibus
1004 1286 1124 1383 hostis,

222 1380 271 1453 Et
288 1384 483 1478 glomerata
500 1383 614 1474 dolis,
640 1384 778 1473 emersit
791 1382 907 1475 pestis
929 1402 1071 1479 operta

86 1481 226 1578 Sponte
241 1481 318 1561 sua,
348 1484 499 1555 mendax
520 1495 733 1573 contempto
749 1484 904 1558 numine
921 1484 1049 1561 sensus

87 1580 251 1656 Confixit
268 1583 406 1675 plagas,
423 1566 541 1655 iallaci
554 1582 695 1654 tramite
714 1582 851 1675 pallens

86 1680 297 1755 Sanctorum
314 1680 412 1753 diuis
432 1678 491 1753 sua
502 1680 640 1755 miscuit
658 1680 765 1773 impia
781 1682 922 1777 verba,

86 1780 200 1874 Inque
218 1784 355 1855 bonum
372 1779 489 1855 semen
506 1784 630 1857 lolium
650 1778 848 1854 miserabile
863 1778 990 1859 sevit:

85 1882 176 1956 Inde
194 1881 323 1953 volens
339 1902 482 1955 omnem
500 1879 635 1953 causam
649 1878 811 1953 constare
829 1881 967 1979 ruinae,

86 1980 233 2055 Scilicet
249 1995 290 2050 ut
313 1978 370 2051 sua
388 1980 478 2053 satia
496 1980 579 2053 Deo
600 1978 775 2075 subfignet
795 1980 926 2071 iniqua

88 2080 237 2173 0cyns,
264 2078 416 2172 &posin
434 2078 548 2153 suasos
567 2076 713 2174 infigere
727 2080 855 2172 poenis,

85 2181 193 2251 Veris
218 2177 299 2251 falsa
319 2192 464 2271 tegens,
492 2179 681 2251 &lenibus
702 2176 822 2271 aspera
837 2193 1002 2259 vertens

84 2276 135 2349 Et
150 2277 259 2350 roseis
277 2275 373 2348 sertis
392 2276 495 2349 hastae
512 2298 686 2350 mucrone
704 2292 876 2371 coperto‚

84 2373 283 2469 Improvise
299 2398 430 2448 necans
447 2378 637 2466 incautos,
663 2391 782 2451 morte
799 2375 986 2467 suprema,

84 2477 319 2569 Suppremum
333 2477 432 2551 nefas
450 2479 640 2550 intantum
658 2478 834 2550 dementia
848 2480 1015 2575 mersos,

84 2575 274 2669 Abruptos
290 2578 475 2668 homines,
502 2578 646 2653 Numen
667 2577 738 2651 sme
754 2574 827 2649 fine
847 2583 1102 2680 tremendum,

84 2676 262 2751 Diuidere
277 2680 313 2751 in
331 2693 467 2769 partem
493 2676 618 2751 Christi
640 2677 795 2749 sublimia
812 2673 922 2770 fana,

86 2776 183 2851 Fessa
201 2778 302 2849 laude
317 2776 433 2868 sequi,
461 2779 674 2870 cuipareque
687 2775 782 2871 gesta
798 2776 942 2873 priora,

85 2876 312 2950 innumerata
326 2878 397 2948 Dei
415 2878 605 2968 miracula,
634 2875 705 2947 uisa
721 2897 790 2947 nec
806 2896 971 2967 unquam

85 2977 184 3047 Ante
201 2998 269 3048 nec
289 2976 426 3067 audita,
454 2991 731 3071 contemptaque
751 2975 884 3065 corde,
915 3000 992 3051 nec
1008 2984 1098 3059 ullo.

84 3074 176 3147 Tam
191 3092 325 3147 temere
343 3076 452 3148 scelus
469 3076 630 3149 illicitum
645 3094 866 3169 componere
883 3080 1035 3177 verbis,

85 3173 286 3248 Adversum
304 3174 372 3247 sese
392 3177 463 3247 duo
483 3174 690 3248 testamenta
707 3174 846 3266 sonare,

87 3274 224 3345 Contra
241 3274 499 3366 Prophetarum
517 3277 662 3347 Domini
684 3276 913 3349 committere
933 3284 1057 3357 verba

85 3372 242 3448 Diffimiii
258 3378 366 3468 longe
382 3375 554 3447 sententia
570 3377 663 3447 uelle
683 3376 855 3468 probare:

87 3474 241 3549 Omnem
263 3476 347 3569 legis
366 3475 531 3548 infamem
550 3474 725 3549 deducere
743 3473 896 3569 causam,

85 3572 364 3665 studiorumque
384 3575 524 3646 Patrum
546 3575 656 3647 vitam
676 3576 872 3667 reprobare
889 3577 1076 3677 priorem,

86 3677 189 3771 Quos
207 3675 240 3745 in
264 3675 449 3747 amicitiam
472 3675 604 3747 adlexit
616 3673 739 3765 Deus,
756 3674 807 3753 ,ad
828 3675 886 3746 sua
903 3676 1020 3755 dona.

83 3773 272 3862 Accipiter
290 3774 359 3846 stne
378 3775 553 3867 principio
571 3795 638 3866 pro
658 3790 758 3866 parte
773 3777 921 3867 minori,

85 3876 270 3965 Quattuor
290 3896 333 3946 ex
353 3896 427 3946 uno
446 3895 526 3947 cum
547 3874 609 3957 sat,
638 3897 682 3945 ex
701 3889 871 3964 quattuor
889 3897 1022 3974 unum,

82 3972 148 4049 His
168 3987 286 4045 tamen
303 3995 372 4047 una
392 3975 534 4068 placet,
563 3976 736 4065 reprobat
752 3986 824 4045 tres
842 3974 1002 4065 denique
1019 3992 1142 4072 partes,

81 4071 349 4163 Anactorenrquc
372 4072 418 4144 sui
440 4074 582 4145 Paulum
603 4094 667 4165 per
689 4076 800 4147 muita
817 4074 1017 4168 capeistmt.

80 4171 119 4249 N
122 4194 163 4249 cc
181 4194 258 4249 nou
277 4195 321 4250 cx
334 4172 411 4271 ipso
427 4173 581 4249 furiebat
594 4175 632 4249 in
649 4175 780 4251 extima
799 4176 932 4265 verba3
949 4274 986 4347 O

991 4300 1095 4367 mma,
