2468 4530
95 476 142 569 78
240 474 289 575 Q.
314 468 450 589 saar.
474 466 617 545 Fcon.
641 466 1004 549 Terruerunt

93 630 209 711 modo
221 652 330 709 manu
347 628 565 727 apprehensa
578 628 640 709 est
691 628 800 705 Nasci
817 630 853 707 se
865 632 968 709 Deua
982 634 1021 709 in
1041 652 1044 665 ⁴

93 733 231 831 patitur
249 731 396 826 matris,
422 728 679 847 &exspesiat,
708 746 814 807 natus
834 732 1039 809 adolescere

94 828 1044 1029 lsiuirilis?elff⁰disiifli¹¹ls3¹tnsgliff¹¹i¹l

93 1031 186 1107 toris
202 1028 406 1127 congressus
423 1028 506 1103 solis
520 1032 642 1104 verbis
655 1032 808 1124 repellit
834 1032 925 1107 Cum
940 1033 985 1107 de
1001 1035 1044 1106 dc

94 1128 139 1209 fit
158 1130 345 1229 magister,
381 1129 518 1203 docens
544 1130 727 1205 hominem
754 1132 910 1207 evadere
936 1134 981 1205 ad
1006 1131 1044 1207 sa

91 1231 229 1309 scilicet
246 1232 388 1305 veniam
407 1225 552 1303 offensae
569 1231 750 1325 patientie
766 1232 947 1325 eruditus,
973 1254 1044 1305 non

92 1330 233 1425 tendit,
258 1350 335 1405 non
351 1332 581 1424 reclamavit,
604 1350 673 1403 nec
689 1330 871 1423 quisquam
888 1332 926 1405 in
939 1334 1044 1425 platei

93 1450 173 1505 cern
195 1432 272 1523 ejus
295 1428 454 1523 audivit,
487 1428 697 1505 arundinem
721 1426 911 1523 quassatam
934 1432 1044 1505 nonl

91 1532 204 1607 linum
217 1530 390 1626 fumigans
404 1548 483 1603 non
495 1528 668 1604 restinxit.
694 1528 777 1605 Nec
793 1532 1044 1606 enimmentitu

90 1628 960 1822 lllsnlsnllllltld‘cllidis’
992 1630 1044 1805 si

93 1832 283 1931 volentem
297 1828 360 1903 fibi
377 1828 555 1905 adherere
567 1850 644 1903 non
662 1825 828 1925 suscepit:
853 1830 984 1904 nullius
997 1852 1044 1905 mr

91 1926 274 2007 testumve
293 1926 462 2022 despexit.
520 1928 662 2021 Aquam
679 1926 754 2025 ipse
778 1928 940 2003 lavandis
964 1928 1044 2003 disci

90 2050 171 2103 rum
186 2027 337 2123 pedibus
355 2026 578 2105 ministravit
628 2028 720 2103 Non
738 2040 971 2124 peccatores,
996 2050 1044 2102 no

90 2130 255 2205 blicanor
277 2127 477 2221 aspernatus
497 2126 560 2205 est
609 2126 700 2202 Non
716 2128 768 2201 illi
781 2124 894 2203 saltim
912 2129 1044 2203 civitati

91 2250 174 2302 eum
194 2229 357 2325 recipere
377 2228 569 2322 noluerat,
593 2229 703 2301 iratus
725 2226 802 2321 est,
827 2248 910 2303 curn
930 2230 1036 2303 etiam

89 2328 167 2425 puli
186 2338 259 2401 tam
278 2324 543 2403 contumelioso
566 2327 704 2423 oppido
728 2326 887 2401 coelestes
903 2328 1002 2423 ignes
1020 2347 1044 2398 n

90 2426 220 2505 lentari
243 2424 449 2503 voluissent.
506 2426 672 2523 Ingratos
692 2430 854 2521 curavit,
885 2426 1044 2501 insidiato

89 2528 199 2607 eeffit.
248 2525 378 2603 Parum
400 2528 495 2621 hoc,
524 2526 552 2601 ti
573 2547 650 2601 non
675 2529 781 2602 etiam
805 2526 1031 2622 proditorem

88 2625 365 2721 secumhabuit,
389 2648 460 2701 nec
473 2624 679 2701 constanter
695 2627 897 2703 denotavit.
949 2624 1041 2703 Cum

89 2727 269 2821 traditru,
296 2748 378 2802 cum
392 2726 600 2821 adducitur,
623 2739 667 2800 ut
680 2748 790 2821 pecus
812 2725 857 2799 ad
874 2726 1044 2801 victimam

89 2830 184 2903 enim
201 2847 279 2901 non
298 2827 408 2923 magis
428 2829 544 2919 aperit
558 2848 628 2918 os,
662 2848 766 2919 quarn
786 2846 895 2923 agnus
914 2825 975 2900 sub
994 2838 1044 2901 tot

86 2928 134 2999 tis
156 2922 345 3018 potestate.
404 2924 492 3019 llle,
519 2926 578 2999 cui
596 2926 758 3021 legiones
778 2928 1008 3023 angelorum,
1032 2926 1044 3003 1

87 3022 225 3115 luisset,
250 3044 327 3097 uno
345 3020 441 3097 dido
462 3023 507 3098 de
524 3024 621 3097 coelis
645 3024 852 3103 adfuissent:
876 3046 925 3101 ne
946 3026 1044 3099 unius

88 3124 172 3201 dem
192 3117 356 3197 discentis
378 3124 531 3219 gladium
551 3126 710 3199 ultorem
729 3125 915 3221 probavit
971 3124 1044 3201 Pati

88 3224 226 3303 domini
247 3223 285 3297 in
307 3222 458 3298 Malcho
486 3226 674 3298 vulnerata
705 3224 767 3301 est.
828 3224 954 3319 ltaque
981 3224 1044 3317 &l

87 3344 202 3423 opere
214 3322 399 3399 maledixit
412 3323 450 3397 in
468 3322 675 3421 posterum,
702 3322 904 3399 &sanitatis
918 3322 1044 3397 restitu·

87 3428 142 3521 ei,
168 3444 274 3519 quem
290 3442 367 3497 non
382 3422 456 3518 ipse
469 3438 688 3518 vexaverat,
713 3422 903 3516 satisfecit,
927 3442 993 3516 per
1006 3442 1044 3515 pa

85 3530 192 3620 darn,
216 3520 464 3601 misericordiae
477 3538 638 3601 matrem.
686 3522 814 3599 Taceo
830 3521 931 3617 quod
951 3518 1044 3617 figitu

86 3628 161 3705 l'roc
176 3627 272 3703 enim
287 3638 448 3699 venerat.
497 3622 672 3716 Nunquid
690 3636 810 3699 tamen
827 3620 1016 3697 subeunda
1033 3642 1044 3697 r

86 3732 194 3811 etinn
207 3724 434 3804 contumeliis
446 3743 539 3819 opus
551 3720 693 3801 suerat?
709 3722 779 3799 Sed
792 3722 941 3821 saginari
953 3722 1044 3797 volu

85 3832 266 3927 patientiae
290 3818 496 3900 discessurus
519 3826 680 3899 volebat.
730 3822 950 3916 Despuitur,
977 3842 1044 3894 ver

86 3928 168 4021 t'ur,
194 3925 395 4018 deridetur,
420 3923 522 3997 fmdis
544 3922 722 4015 vestitur,
755 3922 966 3999 soedioribus
982 3926 1044 3993 'cor

82 4040 155 4104 tur.
205 4026 302 4101 Mira
323 4023 591 4117 equanimitatia
616 4018 717 4098 fides.
768 4023 843 4121 Qui
864 4022 1044 4101 inhomiu

84 4148 172 4231 pura
191 4124 429 4229 proposuerat
446 4124 589 4222 lutere,
617 4124 707 4201 nihil
720 4121 771 4213 ¹de
782 4120 1044 4224 impatientias

1036 4240 1044 4294 1
