2468 4530
348 600 422 663 aa
470 584 883 665 Plaranrra.
1097 614 1143 690 93

166 760 228 841 15.
254 748 458 825 llrleo'satis
474 750 624 825 idoneus
643 750 820 845 patientiae
838 746 1012 843 sequester
1028 750 1141 829 Deus.

91 844 127 925 Si
161 851 324 945 injuriam
357 849 561 943 deposueris
595 873 704 944 penes
740 872 842 943 eum,
877 852 975 925 ultor
1005 852 1078 941 est;
1116 854 1143 929 sr

91 952 285 1043 damnum,
316 948 502 1023 restitutor
522 948 595 1039 est,
632 948 656 1021 sr
678 950 864 1041 dolorem,
895 948 1052 1023 medicus
1074 952 1141 1028 cst:

89 1050 309 1141 limortem,
335 1045 558 1122 resuscitator
583 1046 643 1121 cst.
707 1052 888 1147 Quantum
910 1050 1086 1143 patientia
1103 1055 1142 1125 li·

90 1163 178 1243 cet,
216 1164 258 1219 ut
280 1150 400 1221 Deum
422 1148 551 1223 habeat
575 1146 804 1221 debitorem?
842 1146 924 1221 Nec
953 1150 1141 1235 immerito

89 1246 225 1323 Omnia
241 1248 336 1321 enim
358 1248 487 1341 placita
512 1249 588 1340 ejus
611 1260 752 1319 tuctur:
786 1248 948 1319 omnibus
970 1248 1142 1321 mandatio

89 1349 167 1441 ejus
182 1346 391 1422 intervenit.
440 1344 563 1449 Fidem
577 1348 711 1439 munit,
736 1368 861 1440 pacem
876 1349 1072 1443 gubernat,
1094 1348 1144 1421 di-

87 1446 281 1521 lectionem
305 1446 474 1539 adjuvat,
507 1445 740 1519 humilitatem
767 1446 932 1537 instruit,
971 1448 1142 1539 poeniten·

88 1548 175 1621 tiam
202 1542 399 1637 exspeelat,
432 1544 699 1641 exomologesin
726 1544 899 1641 adsignat,
925 1566 1066 1620 carnem
1087 1570 1142 1621 re·

87 1648 161 1743 git,
193 1642 351 1738 spiritum
364 1644 504 1739 servat,
535 1646 687 1739 linguam
704 1644 840 1737 frenat,
870 1662 1011 1719 manum
1027 1648 1142 1717 conti·

87 1760 179 1839 net,
204 1744 425 1817 tentationes
449 1746 625 1837 inculcat,
652 1742 811 1817 scandala
827 1745 948 1837 pellit,
973 1744 1143 1835 martyria

88 1841 332 1935 consummat,
359 1862 550 1937 pauperem
573 1842 804 1935 consolatur,
838 1844 985 1917 divitem
1008 1856 1141 1937 tempo·

86 1958 168 2038 rat,
200 1939 379 2015 infirmum
404 1962 480 2015 non
499 1942 683 2035 extendit,
718 1944 898 2015 valentem
920 1964 995 2015 non
1016 1941 1142 2015 consu·

85 2044 178 2138 mit,
202 2039 345 2114 fidelem
361 2040 532 2135 delcetat,
557 2042 725 2139 gentilem
741 2042 892 2135 invitat,
918 2042 1058 2116 servum
1078 2043 1141 2115 do·

84 2145 221 2235 mino,
256 2140 437 2215 dominum
459 2142 542 2212 Deo
565 2142 809 2233 commendat,
841 2141 1007 2215 feminam
1037 2160 1141 2214 exor-

86 2256 172 2335 nat,
199 2241 318 2313 virum
336 2242 529 2333 approbat:
555 2256 692 2315 amatur
707 2243 742 2313 in
762 2261 901 2334 puero,
926 2241 1088 2314 laudatur
1102 2244 1140 2314 in

82 2344 249 2435 juvene,
275 2332 457 2431 suspicitur
482 2342 518 2411 in
544 2339 643 2413 sene:
678 2342 830 2414 inomni
852 2339 960 2435 sexu,
985 2342 1021 2412 in
1040 2341 1139 2414 omni

86 2454 193 2513 aetate
206 2436 364 2511 formosa
378 2438 439 2513 est.
491 2437 573 2535 Age
586 2440 656 2530 jam
676 2440 701 2513 s1
722 2440 755 2511 ἂ
774 2438 940 2536 effigiem,
966 2440 1140 2513 habitum·

87 2560 158 2632 que
183 2539 258 2631 ejus
283 2539 635 2631 comprehendamus.
699 2542 832 2611 Vultus
858 2541 907 2611 illi
932 2542 1139 2630 tranquillus

86 2638 123 2712 tlt
138 2638 321 2733 placidus,
348 2636 450 2709 frons
463 2658 574 2728 pura,
599 2640 695 2709 nulla
709 2639 869 2710 meroris
884 2654 944 2709 aut
960 2640 1019 2707 ira
1033 2658 1140 2728 rugo-

84 2740 188 2813 sitate
215 2734 417 2809 contrella:
450 2735 586 2806 remilla
610 2756 708 2825 aeque
730 2738 905 2806 inlatum
923 2736 1069 2805 modum
1091 2732 1141 2805 su·

84 2839 255 2931 percilia,
283 2834 399 2906 oculis
415 2833 634 2923 humilitate,
660 2853 735 2903 non
757 2832 967 2904 infelicitate
986 2831 1140 2923 dejectis.

86 2934 140 3009 Os
159 2934 412 3007 taciturnitatis
435 2932 578 3005 honore
597 2934 777 3028 fignatum.
829 2929 943 3004 Color
961 2934 1071 3024 qualis
1091 2930 1158 3023 seq

84 3036 218 3109 securis
242 3034 276 3105 ἃ
298 3032 463 3105 innoxiis.
516 3030 642 3104 Motus
673 3030 836 3123 frequens
866 3034 987 3125 capitis
1008 3033 1045 3103 in
1070 3034 1140 3105 dia·

85 3136 234 3226 bolum,
255 3132 423 3204 &minax
436 3130 533 3205 risus.
586 3130 761 3203 Catenrm
778 3131 920 3203 amilius
934 3136 1065 3204 circum
1080 3156 1139 3225 pe·

84 3232 186 3307 &ora
209 3232 396 3323 candidus,
424 3230 627 3327 &corpori
650 3230 847 3323 impressus:
873 3245 914 3302 ut
929 3233 986 3322 qui
1007 3254 1075 3303 ncc
1089 3234 1140 3302 in·

83 3332 213 3424 fiatur,
239 3352 307 3403 nec
327 3332 541 3421 inquinatur.
591 3331 700 3401 Scdct
722 3333 815 3403 enirn
836 3331 872 3402 in
892 3332 1025 3403 throno
1046 3329 1141 3418 spiri·

83 3446 143 3505 tus
168 3433 244 3523 ejus
265 3428 425 3502 mitiffimi
452 3429 781 3519 mansuetissimi,
816 3431 872 3521 qui
896 3452 971 3501 non
998 3427 1140 3501 turbine

82 3534 321 3629 glomeratur:
347 3550 423 3601 non
443 3530 568 3600 nubilo
590 3531 701 3620 livet,
727 3527 785 3601 scd
801 3528 851 3600 est
867 3546 999 3600 tenera
1015 3522 1140 3599 sereni·

82 3634 194 3723 tatis,
222 3643 363 3721 apertus
389 3628 610 3721 &iimplex,
646 3649 749 3720 quem
770 3631 881 3699 tertio
900 3626 992 3697 vidit
1008 3624 1138 3699 Helias.

82 3726 181 3805 Nam
202 3730 264 3799 ubi
292 3726 423 3819 Deus,
461 3727 644 3799 ibidem&
668 3730 805 3799 alumna
829 3728 933 3818 ejus,
969 3726 1140 3815 patientia

80 3826 229 3903 scilicet.
284 3826 372 3898 Cum
388 3846 475 3921 ergo
490 3825 629 3924 spiritus
645 3826 715 3898 Dei
732 3824 933 3914 descendit,
959 3824 1140 3897 individua

80 3928 257 4023 patientia
278 3926 469 3997 comitatur
486 3946 575 3998 eum.
638 3927 672 3996 Si
694 3947 770 3997 non
793 3946 873 3995 curn
893 3922 1014 4015 spiritu
1032 3926 1140 3996 admi·

80 4026 252 4117 serimus,
279 4025 314 4096 in
334 4026 439 4096 nobis
459 4024 656 4096 morabitur
677 4021 837 4115 semper?
866 4026 937 4097 imo
957 4019 1075 4096 nescio
1094 4043 1140 4094 an

81 4125 219 4200 diutius
252 4122 468 4217 perseveret.
526 4124 608 4195 Sine
643 4122 700 4193 sua
728 4122 862 4193 comite
894 4145 935 4195 ac
968 4119 1138 4211 ministra,

80 4225 188 4301 omni
201 4223 288 4297 loco
308 4243 350 4295 ac
370 4234 535 4317 tempore
554 4236 721 4319 angatur,
746 4220 882 4297 netelle
901 4220 961 4297 cst.
1013 4216 1138 4310 Quod·

950 4334 1090 4407 cunque
