<?xml version="1.0" encoding="UTF-8"?>
<!DOCTYPE html PUBLIC "-//W3C//DTD XHTML 1.0 Transitional//EN"
    "http://www.w3.org/TR/xhtml1/DTD/xhtml1-transitional.dtd">
<html xmlns="http://www.w3.org/1999/xhtml" xml:lang="en" lang="en">
 <head>
  <title>
</title>
<meta http-equiv="Content-Type" content="text/html;charset=utf-8" />
  <meta name='ocr-system' content='tesseract 3.04.00' />
  <meta name='ocr-capabilities' content='ocr_page ocr_carea ocr_par ocr_line ocrx_word'/>
</head>
<body>
  <div class='ocr_page' id='page_1' title='image "./operaomniasanct03librgoog_0305.png"; bbox 0 0 2400 4590; ppageno 0'>
   <div class='ocr_carea' id='block_1_1' title="bbox 105 484 1141 595">
    <p class='ocr_par' dir='ltr' id='par_1_1' title="bbox 105 484 1141 595">
     <span class='ocr_line' id='line_1_1' title="bbox 105 484 1141 595; baseline -0.007 -28"><span class='ocrx_word' id='word_1_1' title='bbox 105 503 177 577; x_wconf 78' lang='lat'>282</span> <span class='ocrx_word' id='word_1_2' title='bbox 251 484 1011 591; x_wconf 70' lang='lat' dir='ltr'>Q.Snrr.F1.01.Tnnru1.1.1Au1</span> <span class='ocrx_word' id='word_1_3' title='bbox 1138 590 1141 595; x_wconf 22' lang='grc' dir='ltr'>Ι</span> 
     </span>
    </p>
   </div>
   <div class='ocr_carea' id='block_1_2' title="bbox 102 620 1161 965">
    <p class='ocr_par' dir='ltr' id='par_1_2' title="bbox 102 620 1161 965">
     <span class='ocr_line' id='line_1_2' title="bbox 102 620 1161 749; baseline -0.002 -24"><span class='ocrx_word' id='word_1_4' title='bbox 102 648 310 749; x_wconf 55' lang='lat' dir='ltr'>crucifixisti.</span> <span class='ocrx_word' id='word_1_5' title='bbox 359 644 550 745; x_wconf 78' lang='lat' dir='ltr'>Johannes</span> <span class='ocrx_word' id='word_1_6' title='bbox 581 662 701 727; x_wconf 81' lang='lat' dir='ltr'>autem</span> <span class='ocrx_word' id='word_1_7' title='bbox 724 620 833 723; x_wconf 79' lang='lat' dir='ltr'>etiam</span> <span class='ocrx_word' id='word_1_8' title='bbox 855 650 1028 723; x_wconf 68' lang='lat' dir='ltr'>mmm</span> <span class='ocrx_word' id='word_1_9' title='bbox 1051 658 1161 723; x_wconf 73' lang='lat' dir='ltr'>notat</span> 
     </span>
     <span class='ocr_line' id='line_1_3' title="bbox 104 746 1159 849; baseline -0.004 -20"><span class='ocrx_word' id='word_1_10' title='bbox 104 772 208 846; x_wconf 79' lang='lat' dir='ltr'>eum,</span> <span class='ocrx_word' id='word_1_11' title='bbox 238 748 300 843; x_wconf 86' lang='lat' dir='ltr'>qui</span> <span class='ocrx_word' id='word_1_12' title='bbox 318 753 486 843; x_wconf 72' lang='lat' dir='ltr'><em>negaverit</em></span> <span class='ocrx_word' id='word_1_13' title='bbox 502 746 616 849; x_wconf 76' lang='lat' dir='ltr'><em>Jesum</em></span> <span class='ocrx_word' id='word_1_14' title='bbox 638 748 708 825; x_wconf 84' lang='lat' dir='ltr'>ess&#39;e</span> <span class='ocrx_word' id='word_1_15' title='bbox 727 748 894 849; x_wconf 64' lang='lat' dir='ltr'>Christum.</span> <span class='ocrx_word' id='word_1_16' title='bbox 945 748 1087 824; x_wconf 80' lang='lat' dir='ltr'>Contra</span> <span class='ocrx_word' id='word_1_17' title='bbox 1111 746 1159 825; x_wconf 83' lang='lat' dir='ltr'>de</span> 
     </span>
     <span class='ocr_line' id='line_1_4' title="bbox 106 846 1159 965; baseline -0.008 -38"><span class='ocrx_word' id='word_1_18' title='bbox 106 859 175 927; x_wconf 71' lang='lat' dir='ltr'>on</span> <span class='ocrx_word' id='word_1_19' title='bbox 189 865 315 923; x_wconf 67' lang='lat' dir='ltr'>mrum</span> <span class='ocrx_word' id='word_1_20' title='bbox 344 874 464 922; x_wconf 76' lang='lat' dir='ltr'>omnem</span> <span class='ocrx_word' id='word_1_21' title='bbox 497 855 555 948; x_wconf 75' lang='lat' dir='ltr'>qui</span> <span class='ocrx_word' id='word_1_22' title='bbox 577 850 741 921; x_wconf 75' lang='lat' dir='ltr'><em>crediderit</em></span> <span class='ocrx_word' id='word_1_23' title='bbox 768 852 878 948; x_wconf 67' lang='lat' dir='ltr'>Jesum</span> <span class='ocrx_word' id='word_1_24' title='bbox 906 846 960 943; x_wconf 72' lang='lat' dir='ltr'>effi</span> <span class='ocrx_word' id='word_1_25' title='bbox 987 848 1159 965; x_wconf 57' lang='lat' dir='ltr'>Christum:</span> 
     </span>
    </p>
   </div>
   <div class='ocr_carea' id='block_1_3' title="bbox 32 944 1163 4221">
    <p class='ocr_par' dir='ltr' id='par_1_3' title="bbox 32 944 1163 4221">
     <span class='ocr_line' id='line_1_5' title="bbox 103 944 1158 1045; baseline -0.002 -18"><span class='ocrx_word' id='word_1_26' title='bbox 103 950 257 1045; x_wconf 86' lang='lat' dir='ltr'>Propter</span> <span class='ocrx_word' id='word_1_27' title='bbox 282 949 382 1043; x_wconf 87' lang='lat' dir='ltr'>quod</span> <span class='ocrx_word' id='word_1_28' title='bbox 407 948 442 1023; x_wconf 71' lang='lat' dir='ltr'>o</span> <span class='ocrx_word' id='word_1_29' title='bbox 463 950 629 1026; x_wconf 79' lang='lat' dir='ltr'>hortatur</span> <span class='ocrx_word' id='word_1_30' title='bbox 657 963 698 1023; x_wconf 92' lang='lat' dir='ltr'>ut</span> <span class='ocrx_word' id='word_1_31' title='bbox 723 951 905 1027; x_wconf 85' lang='lat' dir='ltr'>credamus</span> <span class='ocrx_word' id='word_1_32' title='bbox 930 948 1068 1024; x_wconf 86' lang='lat' dir='ltr'>nomini</span> <span class='ocrx_word' id='word_1_33' title='bbox 1092 944 1158 1025; x_wconf 80' lang='lat' dir='ltr'>sm</span> 
     </span>
     <span class='ocr_line' id='line_1_6' title="bbox 103 1046 1158 1147; baseline -0.004 -20"><span class='ocrx_word' id='word_1_34' title='bbox 103 1051 180 1145; x_wconf 76' lang='lat' dir='ltr'><strong>ejus</strong></span> <span class='ocrx_word' id='word_1_35' title='bbox 195 1046 278 1146; x_wconf 84' lang='lat' dir='ltr'>Jesu</span> <span class='ocrx_word' id='word_1_36' title='bbox 295 1046 444 1145; x_wconf 88' lang='lat' dir='ltr'>Christi,</span> <span class='ocrx_word' id='word_1_37' title='bbox 468 1063 511 1125; x_wconf 89' lang='lat' dir='ltr'>ut</span> <span class='ocrx_word' id='word_1_38' title='bbox 529 1051 665 1125; x_wconf 87' lang='lat' dir='ltr'>scilicet</span> <span class='ocrx_word' id='word_1_39' title='bbox 679 1059 852 1123; x_wconf 82' lang='lat' dir='ltr'>communio</span> <span class='ocrx_word' id='word_1_40' title='bbox 856 1052 903 1147; x_wconf 78' lang='lat' dir='ltr'>fit</span> <span class='ocrx_word' id='word_1_41' title='bbox 919 1051 1088 1121; x_wconf 75' lang='lat' dir='ltr'>nobiscum</span> <span class='ocrx_word' id='word_1_42' title='bbox 1100 1070 1158 1146; x_wconf 74' lang='lat' dir='ltr'>pa-</span> 
     </span>
     <span class='ocr_line' id='line_1_7' title="bbox 32 1150 1158 1248; baseline 0.001 -25"><span class='ocrx_word' id='word_1_43' title='bbox 32 1176 35 1183; x_wconf 90' lang='lat'>·</span> <span class='ocrx_word' id='word_1_44' title='bbox 102 1168 153 1225; x_wconf 80' lang='lat' dir='ltr'>m</span> <span class='ocrx_word' id='word_1_45' title='bbox 176 1152 217 1228; x_wconf 71' lang='lat'>6</span> <span class='ocrx_word' id='word_1_46' title='bbox 239 1150 314 1241; x_wconf 73' lang='lat' dir='ltr'>filio</span> <span class='ocrx_word' id='word_1_47' title='bbox 337 1155 404 1248; x_wconf 77' lang='lat' dir='ltr'>ejus</span> <span class='ocrx_word' id='word_1_48' title='bbox 432 1152 512 1247; x_wconf 78' lang='lat' dir='ltr'>Jesu</span> <span class='ocrx_word' id='word_1_49' title='bbox 537 1150 671 1248; x_wconf 68' lang='lat' dir='ltr'>Christo.</span> <span class='ocrx_word' id='word_1_50' title='bbox 729 1151 788 1224; x_wconf 87' lang='lat' dir='ltr'>Sic</span> <span class='ocrx_word' id='word_1_51' title='bbox 813 1150 1000 1225; x_wconf 80' lang='lat' dir='ltr'><strong>&amp;Paulus</strong></span> <span class='ocrx_word' id='word_1_52' title='bbox 1024 1150 1158 1241; x_wconf 83' lang='lat' dir='ltr'>ubique</span> 
     </span>
     <span class='ocr_line' id='line_1_8' title="bbox 103 1250 1159 1349; baseline -0.002 -24"><span class='ocrx_word' id='word_1_53' title='bbox 103 1256 210 1325; x_wconf 68' lang='lat' dir='ltr'>Deum</span> <span class='ocrx_word' id='word_1_54' title='bbox 220 1269 342 1343; x_wconf 79' lang='lat' dir='ltr'>patrem</span> <span class='ocrx_word' id='word_1_55' title='bbox 358 1250 465 1345; x_wconf 88' lang='lat' dir='ltr'>ponit</span> <span class='ocrx_word' id='word_1_56' title='bbox 481 1251 516 1325; x_wconf 86' lang='lat'>&amp;</span> <span class='ocrx_word' id='word_1_57' title='bbox 530 1252 688 1322; x_wconf 77' lang='lat' dir='ltr'>dominum</span> <span class='ocrx_word' id='word_1_58' title='bbox 705 1251 842 1349; x_wconf 69' lang='lat' dir='ltr'>nostrum</span> <span class='ocrx_word' id='word_1_59' title='bbox 861 1253 972 1348; x_wconf 79' lang='lat' dir='ltr'>Jesum</span> <span class='ocrx_word' id='word_1_60' title='bbox 988 1250 1159 1347; x_wconf 67' lang='lat' dir='ltr'>Christum.</span> 
     </span>
     <span class='ocr_line' id='line_1_9' title="bbox 104 1348 1158 1447; baseline -0.004 -22"><span class='ocrx_word' id='word_1_61' title='bbox 104 1350 195 1425; x_wconf 88' lang='lat' dir='ltr'>Cum</span> <span class='ocrx_word' id='word_1_62' title='bbox 216 1348 261 1423; x_wconf 81' lang='lat' dir='ltr'>ad</span> <span class='ocrx_word' id='word_1_63' title='bbox 280 1349 468 1425; x_wconf 83' lang='lat' dir='ltr'>Romanos</span> <span class='ocrx_word' id='word_1_64' title='bbox 487 1350 630 1445; x_wconf 89' lang='lat' dir='ltr'>scribit,</span> <span class='ocrx_word' id='word_1_65' title='bbox 658 1356 795 1425; x_wconf 74' lang='lat' dir='ltr'><em>Gratias</em></span> <span class='ocrx_word' id='word_1_66' title='bbox 815 1353 887 1447; x_wconf 82' lang='lat' dir='ltr'>agit</span> <span class='ocrx_word' id='word_1_67' title='bbox 909 1357 972 1423; x_wconf 76' lang='lat' dir='ltr'>Deo</span> <span class='ocrx_word' id='word_1_68' title='bbox 984 1371 1041 1445; x_wconf 78' lang='lat' dir='ltr'>per</span> <span class='ocrx_word' id='word_1_69' title='bbox 1060 1351 1158 1422; x_wconf 65' lang='lat' dir='ltr'>domi·-</span> 
     </span>
     <span class='ocr_line' id='line_1_10' title="bbox 102 1449 1159 1649; baseline 0.002 -26"><span class='ocrx_word' id='word_1_70' title='bbox 102 1449 1159 1649; x_wconf 49' lang='lat' dir='ltr'>mmiimdssszssssssssiiffiii{³3¹3</span> 
     </span>
     <span class='ocr_line' id='line_1_11' title="bbox 98 1650 1159 1827; baseline 0 -2"><span class='ocrx_word' id='word_1_71' title='bbox 98 1650 517 1825; x_wconf 47' lang='lat' dir='ltr'>midi?</span> <span class='ocrx_word' id='word_1_72' title='bbox 535 1654 798 1827; x_wconf 55' lang='lat' dir='ltr'>”addida</span> <span class='ocrx_word' id='word_1_73' title='bbox 821 1650 1159 1826; x_wconf 44' lang='lat' dir='ltr'>mmmm</span> 
     </span>
     <span class='ocr_line' id='line_1_12' title="bbox 103 1772 1159 1953; baseline 0 -28"><span class='ocrx_word' id='word_1_74' title='bbox 103 1851 220 1944; x_wconf 82' lang='lat' dir='ltr'><strong>ciant,</strong></span> <span class='ocrx_word' id='word_1_75' title='bbox 235 1850 376 1953; x_wconf 77' lang='lat' dir='ltr'>&amp;duos</span> <span class='ocrx_word' id='word_1_76' title='bbox 390 1774 622 1947; x_wconf 61' lang='lat' dir='ltr'>piop’ondnt,</span> <span class='ocrx_word' id='word_1_77' title='bbox 638 1852 758 1927; x_wconf 89' lang='lat' dir='ltr'>Deum</span> <span class='ocrx_word' id='word_1_78' title='bbox 774 1851 808 1926; x_wconf 74' lang='lat' dir='ltr'>o</span> <span class='ocrx_word' id='word_1_79' title='bbox 821 1865 979 1945; x_wconf 83' lang='lat' dir='ltr'>patrem,</span> <span class='ocrx_word' id='word_1_80' title='bbox 995 1772 1159 1925; x_wconf 64' lang='lat' dir='ltr'>dodoni·</span> 
     </span>
     <span class='ocr_line' id='line_1_13' title="bbox 100 1948 1160 2047; baseline 0 -22"><span class='ocrx_word' id='word_1_81' title='bbox 100 1971 187 2025; x_wconf 88' lang='lat' dir='ltr'>num</span> <span class='ocrx_word' id='word_1_82' title='bbox 204 1948 364 2024; x_wconf 77' lang='lat' dir='ltr'>nostsum</span> <span class='ocrx_word' id='word_1_83' title='bbox 380 1948 498 2045; x_wconf 84' lang='lat' dir='ltr'>Jesum</span> <span class='ocrx_word' id='word_1_84' title='bbox 517 1950 714 2045; x_wconf 56' lang='lat' dir='ltr'>emmim,</span> <span class='ocrx_word' id='word_1_85' title='bbox 746 1948 858 2026; x_wconf 86' lang='lat' dir='ltr'>filium</span> <span class='ocrx_word' id='word_1_86' title='bbox 879 1950 1013 2045; x_wconf 81' lang='lat' dir='ltr'>patris3</span> <span class='ocrx_word' id='word_1_87' title='bbox 1049 1948 1160 2047; x_wconf 82' lang='lat' dir='ltr'><strong>&amp;Je-</strong></span> 
     </span>
     <span class='ocr_line' id='line_1_14' title="bbox 102 2046 1157 2143; baseline 0.002 -20"><span class='ocrx_word' id='word_1_88' title='bbox 102 2048 177 2123; x_wconf 92' lang='lat' dir='ltr'>sum</span> <span class='ocrx_word' id='word_1_89' title='bbox 190 2047 302 2141; x_wconf 84' lang='lat' dir='ltr'>ipsum</span> <span class='ocrx_word' id='word_1_90' title='bbox 322 2046 392 2123; x_wconf 85' lang='lat' dir='ltr'>effe</span> <span class='ocrx_word' id='word_1_91' title='bbox 412 2048 610 2140; x_wconf 81' lang='lat' dir='ltr'>Christum3</span> <span class='ocrx_word' id='word_1_92' title='bbox 645 2052 682 2126; x_wconf 88' lang='lat' dir='ltr'>in</span> <span class='ocrx_word' id='word_1_93' title='bbox 706 2052 820 2124; x_wconf 82' lang='lat' dir='ltr'>altero</span> <span class='ocrx_word' id='word_1_94' title='bbox 844 2071 989 2143; x_wconf 89' lang='lat' dir='ltr'>quoque</span> <span class='ocrx_word' id='word_1_95' title='bbox 1008 2050 1157 2125; x_wconf 87' lang='lat' dir='ltr'>nomine</span> 
     </span>
     <span class='ocr_line' id='line_1_15' title="bbox 101 2146 1157 2243; baseline 0 -22"><span class='ocrx_word' id='word_1_96' title='bbox 101 2147 173 2223; x_wconf 91' lang='lat' dir='ltr'>Dei</span> <span class='ocrx_word' id='word_1_97' title='bbox 187 2146 309 2226; x_wconf 90' lang='lat' dir='ltr'>filium.</span> <span class='ocrx_word' id='word_1_98' title='bbox 358 2148 454 2223; x_wconf 87' lang='lat' dir='ltr'>Nam</span> <span class='ocrx_word' id='word_1_99' title='bbox 472 2149 602 2224; x_wconf 83' lang='lat' dir='ltr'>exinde</span> <span class='ocrx_word' id='word_1_100' title='bbox 614 2171 660 2223; x_wconf 90' lang='lat' dir='ltr'>eo</span> <span class='ocrx_word' id='word_1_101' title='bbox 674 2152 775 2243; x_wconf 89' lang='lat' dir='ltr'>jure,</span> <span class='ocrx_word' id='word_1_102' title='bbox 801 2172 875 2242; x_wconf 91' lang='lat' dir='ltr'>quo</span> <span class='ocrx_word' id='word_1_103' title='bbox 895 2164 1078 2241; x_wconf 85' lang='lat' dir='ltr'>utrunque</span> <span class='ocrx_word' id='word_1_104' title='bbox 1090 2171 1157 2221; x_wconf 89' lang='lat' dir='ltr'>no·</span> 
     </span>
     <span class='ocr_line' id='line_1_16' title="bbox 100 2245 1163 2345; baseline 0.002 -24"><span class='ocrx_word' id='word_1_105' title='bbox 100 2269 184 2321; x_wconf 90' lang='lat' dir='ltr'>men</span> <span class='ocrx_word' id='word_1_106' title='bbox 199 2249 304 2321; x_wconf 79' lang='lat' dir='ltr'>unius</span> <span class='ocrx_word' id='word_1_107' title='bbox 321 2247 390 2343; x_wconf 90' lang='lat' dir='ltr'>est,</span> <span class='ocrx_word' id='word_1_108' title='bbox 415 2245 541 2342; x_wconf 84' lang='lat' dir='ltr'><em>idest,</em></span> <span class='ocrx_word' id='word_1_109' title='bbox 565 2247 638 2324; x_wconf 83' lang='lat' dir='ltr'>Dei</span> <span class='ocrx_word' id='word_1_110' title='bbox 651 2246 766 2345; x_wconf 85' lang='lat' dir='ltr'>filius,</span> <span class='ocrx_word' id='word_1_111' title='bbox 794 2251 901 2325; x_wconf 86' lang='lat' dir='ltr'>etiam</span> <span class='ocrx_word' id='word_1_112' title='bbox 917 2253 1068 2324; x_wconf 84' lang='lat' dir='ltr'>alterum</span> <span class='ocrx_word' id='word_1_113' title='bbox 1085 2248 1163 2323; x_wconf 83' lang='lat' dir='ltr'>fine.</span> 
     </span>
     <span class='ocr_line' id='line_1_17' title="bbox 101 2346 1162 2445; baseline 0.002 -24"><span class='ocrx_word' id='word_1_114' title='bbox 101 2349 216 2421; x_wconf 77' lang='lat' dir='ltr'>altero</span> <span class='ocrx_word' id='word_1_115' title='bbox 238 2348 396 2440; x_wconf 71' lang='lat' dir='ltr'>eiusdem</span> <span class='ocrx_word' id='word_1_116' title='bbox 420 2347 489 2423; x_wconf 87' lang='lat' dir='ltr'>est:</span> <span class='ocrx_word' id='word_1_117' title='bbox 515 2348 549 2421; x_wconf 76' lang='grc' dir='ltr'>δι</span> <span class='ocrx_word' id='word_1_118' title='bbox 571 2349 646 2424; x_wconf 85' lang='lat' dir='ltr'>five</span> <span class='ocrx_word' id='word_1_119' title='bbox 670 2348 767 2445; x_wconf 86' lang='lat' dir='ltr'>Jesus</span> <span class='ocrx_word' id='word_1_120' title='bbox 792 2350 1042 2425; x_wconf 89' lang='lat' dir='ltr'>tantummodo</span> <span class='ocrx_word' id='word_1_121' title='bbox 1069 2346 1162 2441; x_wconf 86' lang='lat' dir='ltr'>pofi·</span> 
     </span>
     <span class='ocr_line' id='line_1_18' title="bbox 101 2445 1159 2545; baseline 0.001 -24"><span class='ocrx_word' id='word_1_122' title='bbox 101 2463 178 2521; x_wconf 89' lang='lat' dir='ltr'>tum</span> <span class='ocrx_word' id='word_1_123' title='bbox 197 2445 268 2539; x_wconf 88' lang='lat' dir='ltr'>est,</span> <span class='ocrx_word' id='word_1_124' title='bbox 301 2448 512 2545; x_wconf 87' lang='lat' dir='ltr'><strong>intelligitur</strong></span> <span class='ocrx_word' id='word_1_125' title='bbox 527 2447 754 2523; x_wconf 76' lang='lat' dir='ltr'>&amp;Christusz</span> <span class='ocrx_word' id='word_1_126' title='bbox 787 2451 869 2542; x_wconf 87' lang='lat' dir='ltr'>quia</span> <span class='ocrx_word' id='word_1_127' title='bbox 885 2448 981 2544; x_wconf 89' lang='lat' dir='ltr'>Jesus</span> <span class='ocrx_word' id='word_1_128' title='bbox 999 2448 1159 2522; x_wconf 84' lang='lat' dir='ltr'>Christus</span> 
     </span>
     <span class='ocr_line' id='line_1_19' title="bbox 100 2545 1160 2645; baseline 0.002 -24"><span class='ocrx_word' id='word_1_129' title='bbox 100 2545 227 2621; x_wconf 70' lang='lat' dir='ltr'>mous</span> <span class='ocrx_word' id='word_1_130' title='bbox 253 2545 314 2625; x_wconf 89' lang='lat' dir='ltr'>est.</span> <span class='ocrx_word' id='word_1_131' title='bbox 370 2547 457 2623; x_wconf 84' lang='lat' dir='ltr'>Sive</span> <span class='ocrx_word' id='word_1_132' title='bbox 482 2549 707 2623; x_wconf 87' lang='lat' dir='ltr'>solummodo</span> <span class='ocrx_word' id='word_1_133' title='bbox 731 2549 829 2626; x_wconf 89' lang='lat' dir='ltr'>deest</span> <span class='ocrx_word' id='word_1_134' title='bbox 855 2548 890 2622; x_wconf 74' lang='grc' dir='ltr'>δι</span> <span class='ocrx_word' id='word_1_135' title='bbox 913 2547 1037 2645; x_wconf 86' lang='lat' dir='ltr'>Jesus‚</span> <span class='ocrx_word' id='word_1_136' title='bbox 1075 2548 1160 2642; x_wconf 81' lang='lat' dir='ltr'>quia</span> 
     </span>
     <span class='ocr_line' id='line_1_20' title="bbox 99 2645 1159 2745; baseline 0.001 -24"><span class='ocrx_word' id='word_1_137' title='bbox 99 2646 227 2721; x_wconf 63' lang='lat' dir='ltr'>unitus</span> <span class='ocrx_word' id='word_1_138' title='bbox 241 2646 293 2722; x_wconf 87' lang='lat' dir='ltr'>est</span> <span class='ocrx_word' id='word_1_139' title='bbox 303 2645 413 2745; x_wconf 86' lang='lat' dir='ltr'><strong>Jesus.</strong></span> <span class='ocrx_word' id='word_1_140' title='bbox 464 2651 631 2745; x_wconf 87' lang='lat' dir='ltr'>Quorum</span> <span class='ocrx_word' id='word_1_141' title='bbox 645 2651 830 2725; x_wconf 87' lang='lat' dir='ltr'>nominum</span> <span class='ocrx_word' id='word_1_142' title='bbox 845 2652 994 2723; x_wconf 86' lang='lat' dir='ltr'>alterum</span> <span class='ocrx_word' id='word_1_143' title='bbox 1010 2646 1061 2721; x_wconf 89' lang='lat' dir='ltr'>est</span> <span class='ocrx_word' id='word_1_144' title='bbox 1074 2668 1159 2742; x_wconf 87' lang='lat' dir='ltr'>pro·</span> 
     </span>
     <span class='ocr_line' id='line_1_21' title="bbox 100 2748 1160 2846; baseline 0.003 -28"><span class='ocrx_word' id='word_1_145' title='bbox 100 2748 239 2841; x_wconf 85' lang='lat' dir='ltr'>prium,</span> <span class='ocrx_word' id='word_1_146' title='bbox 265 2750 364 2842; x_wconf 91' lang='lat' dir='ltr'>quod</span> <span class='ocrx_word' id='word_1_147' title='bbox 381 2752 425 2824; x_wconf 89' lang='lat' dir='ltr'>ab</span> <span class='ocrx_word' id='word_1_148' title='bbox 439 2750 569 2846; x_wconf 87' lang='lat' dir='ltr'>angelo</span> <span class='ocrx_word' id='word_1_149' title='bbox 583 2749 786 2845; x_wconf 86' lang='lat' dir='ltr'>impofitum</span> <span class='ocrx_word' id='word_1_150' title='bbox 803 2749 871 2824; x_wconf 86' lang='lat' dir='ltr'>est:</span> <span class='ocrx_word' id='word_1_151' title='bbox 898 2751 1047 2822; x_wconf 82' lang='lat' dir='ltr'>alterum</span> <span class='ocrx_word' id='word_1_152' title='bbox 1067 2749 1160 2821; x_wconf 89' lang='lat' dir='ltr'><strong>acci·</strong></span> 
     </span>
     <span class='ocr_line' id='line_1_22' title="bbox 102 2846 1160 2942; baseline 0.001 -23"><span class='ocrx_word' id='word_1_153' title='bbox 102 2846 211 2935; x_wconf 81' lang='lat' dir='ltr'>dens,</span> <span class='ocrx_word' id='word_1_154' title='bbox 238 2852 336 2938; x_wconf 90' lang='lat' dir='ltr'>quod</span> <span class='ocrx_word' id='word_1_155' title='bbox 351 2851 395 2921; x_wconf 86' lang='lat' dir='ltr'>ab</span> <span class='ocrx_word' id='word_1_156' title='bbox 411 2850 581 2923; x_wconf 72' lang='lat' dir='ltr'>uniiione</span> <span class='ocrx_word' id='word_1_157' title='bbox 597 2855 792 2942; x_wconf 88' lang='lat' dir='ltr'>convenit,</span> <span class='ocrx_word' id='word_1_158' title='bbox 817 2851 898 2922; x_wconf 90' lang='lat' dir='ltr'>dum</span> <span class='ocrx_word' id='word_1_159' title='bbox 920 2864 1037 2920; x_wconf 87' lang='lat' dir='ltr'>tamen</span> <span class='ocrx_word' id='word_1_160' title='bbox 1057 2847 1160 2920; x_wconf 85' lang='lat' dir='ltr'>Chri·</span> 
     </span>
     <span class='ocr_line' id='line_1_23' title="bbox 99 2943 1160 3042; baseline 0.003 -25"><span class='ocrx_word' id='word_1_161' title='bbox 99 2944 173 3018; x_wconf 87' lang='lat' dir='ltr'>stus</span> <span class='ocrx_word' id='word_1_162' title='bbox 185 2943 278 3017; x_wconf 89' lang='lat' dir='ltr'>filius</span> <span class='ocrx_word' id='word_1_163' title='bbox 292 2947 359 3038; x_wconf 79' lang='lat' dir='ltr'>fit,</span> <span class='ocrx_word' id='word_1_164' title='bbox 384 2971 461 3021; x_wconf 91' lang='lat' dir='ltr'>non</span> <span class='ocrx_word' id='word_1_165' title='bbox 476 2963 588 3042; x_wconf 87' lang='lat' dir='ltr'><strong>pater.</strong></span> <span class='ocrx_word' id='word_1_166' title='bbox 637 2948 822 3023; x_wconf 88' lang='lat' dir='ltr'>Postremo</span> <span class='ocrx_word' id='word_1_167' title='bbox 838 2971 941 3040; x_wconf 90' lang='lat' dir='ltr'>quam</span> <span class='ocrx_word' id='word_1_168' title='bbox 958 2968 1071 3018; x_wconf 87' lang='lat' dir='ltr'>caecus</span> <span class='ocrx_word' id='word_1_169' title='bbox 1091 2945 1160 3042; x_wconf 84' lang='lat' dir='ltr'>est,</span> 
     </span>
     <span class='ocr_line' id='line_1_24' title="bbox 102 3044 1160 3143; baseline 0.004 -28"><span class='ocrx_word' id='word_1_170' title='bbox 102 3044 163 3136; x_wconf 89' lang='lat' dir='ltr'>qui</span> <span class='ocrx_word' id='word_1_171' title='bbox 184 3064 254 3115; x_wconf 87' lang='lat' dir='ltr'>nec</span> <span class='ocrx_word' id='word_1_172' title='bbox 268 3045 306 3117; x_wconf 90' lang='lat' dir='ltr'>in</span> <span class='ocrx_word' id='word_1_173' title='bbox 320 3045 448 3119; x_wconf 89' lang='lat' dir='ltr'>Christi</span> <span class='ocrx_word' id='word_1_174' title='bbox 465 3047 613 3120; x_wconf 87' lang='lat' dir='ltr'>nomine</span> <span class='ocrx_word' id='word_1_175' title='bbox 628 3047 795 3143; x_wconf 87' lang='lat' dir='ltr'>intelligit</span> <span class='ocrx_word' id='word_1_176' title='bbox 814 3050 918 3121; x_wconf 88' lang='lat' dir='ltr'>alium</span> <span class='ocrx_word' id='word_1_177' title='bbox 934 3046 1055 3121; x_wconf 90' lang='lat' dir='ltr'>Deum</span> <span class='ocrx_word' id='word_1_178' title='bbox 1072 3068 1160 3140; x_wconf 88' lang='lat' dir='ltr'>por·</span> 
     </span>
     <span class='ocr_line' id='line_1_25' title="bbox 101 3140 1159 3239; baseline 0.004 -22"><span class='ocrx_word' id='word_1_179' title='bbox 101 3140 228 3233; x_wconf 83' lang='lat' dir='ltr'>tendi,</span> <span class='ocrx_word' id='word_1_180' title='bbox 257 3144 283 3217; x_wconf 81' lang='lat' dir='ltr'><strong>fi</strong></span> <span class='ocrx_word' id='word_1_181' title='bbox 308 3143 437 3219; x_wconf 88' lang='lat' dir='ltr'>Christi</span> <span class='ocrx_word' id='word_1_182' title='bbox 466 3166 603 3219; x_wconf 86' lang='lat' dir='ltr'>nomen</span> <span class='ocrx_word' id='word_1_183' title='bbox 630 3148 723 3239; x_wconf 83' lang='lat' dir='ltr'>patri</span> <span class='ocrx_word' id='word_1_184' title='bbox 754 3147 937 3223; x_wconf 84' lang='lat' dir='ltr'>adscribat.</span> <span class='ocrx_word' id='word_1_185' title='bbox 999 3146 1159 3221; x_wconf 81' lang='lat' dir='ltr'>sienim</span> 
     </span>
     <span class='ocr_line' id='line_1_26' title="bbox 102 3239 1160 3342; baseline 0.003 -28"><span class='ocrx_word' id='word_1_186' title='bbox 102 3239 260 3333; x_wconf 83' lang='lat' dir='ltr'>Christus</span> <span class='ocrx_word' id='word_1_187' title='bbox 277 3256 379 3338; x_wconf 82' lang='lat' dir='ltr'>pater</span> <span class='ocrx_word' id='word_1_188' title='bbox 391 3244 493 3317; x_wconf 86' lang='lat' dir='ltr'>Deus</span> <span class='ocrx_word' id='word_1_189' title='bbox 514 3241 586 3339; x_wconf 87' lang='lat' dir='ltr'>est,</span> <span class='ocrx_word' id='word_1_190' title='bbox 612 3247 672 3337; x_wconf 89' lang='lat' dir='ltr'>qui</span> <span class='ocrx_word' id='word_1_191' title='bbox 690 3247 796 3321; x_wconf 68' lang='lat' dir='ltr'>dicits</span> <span class='ocrx_word' id='word_1_192' title='bbox 829 3248 963 3337; x_wconf 81' lang='lat' dir='ltr'>Ascendo</span> <span class='ocrx_word' id='word_1_193' title='bbox 980 3243 1024 3317; x_wconf 85' lang='lat' dir='ltr'>ad</span> <span class='ocrx_word' id='word_1_194' title='bbox 1033 3264 1160 3342; x_wconf 76' lang='lat' dir='ltr'>patrem</span> 
     </span>
     <span class='ocr_line' id='line_1_27' title="bbox 101 3342 1160 3442; baseline 0.006 -28"><span class='ocrx_word' id='word_1_195' title='bbox 101 3367 202 3415; x_wconf 76' lang='lat' dir='ltr'>neum</span> <span class='ocrx_word' id='word_1_196' title='bbox 221 3342 260 3421; x_wconf 71' lang='lat'>(5</span> <span class='ocrx_word' id='word_1_197' title='bbox 281 3362 402 3439; x_wconf 77' lang='lat' dir='ltr'>patrem</span> <span class='ocrx_word' id='word_1_198' title='bbox 424 3345 580 3442; x_wconf 73' lang='lat' dir='ltr'>vestrum,</span> <span class='ocrx_word' id='word_1_199' title='bbox 604 3345 643 3423; x_wconf 71' lang='lat'>(5</span> <span class='ocrx_word' id='word_1_200' title='bbox 667 3352 771 3419; x_wconf 85' lang='lat' dir='ltr'>Deum</span> <span class='ocrx_word' id='word_1_201' title='bbox 792 3373 890 3419; x_wconf 77' lang='lat' dir='ltr'>meum</span> <span class='ocrx_word' id='word_1_202' title='bbox 914 3346 953 3424; x_wconf 58' lang='grc' dir='ltr'>(Ἰ</span> <span class='ocrx_word' id='word_1_203' title='bbox 970 3351 1073 3418; x_wconf 84' lang='lat' dir='ltr'>Deum</span> <span class='ocrx_word' id='word_1_204' title='bbox 1099 3372 1160 3419; x_wconf 78' lang='lat' dir='ltr'>ve·</span> 
     </span>
     <span class='ocr_line' id='line_1_28' title="bbox 92 3443 1160 3544; baseline 0.008 -31"><span class='ocrx_word' id='word_1_205' title='bbox 92 3443 214 3544; x_wconf 72' lang='lat' dir='ltr'>firm,</span> <span class='ocrx_word' id='word_1_206' title='bbox 238 3448 363 3536; x_wconf 83' lang='lat' dir='ltr'>utique</span> <span class='ocrx_word' id='word_1_207' title='bbox 384 3445 489 3519; x_wconf 85' lang='lat' dir='ltr'>alium</span> <span class='ocrx_word' id='word_1_208' title='bbox 509 3459 647 3538; x_wconf 82' lang='lat' dir='ltr'>patrem</span> <span class='ocrx_word' id='word_1_209' title='bbox 666 3446 770 3539; x_wconf 84' lang='lat' dir='ltr'>super</span> <span class='ocrx_word' id='word_1_210' title='bbox 789 3447 823 3521; x_wconf 85' lang='lat' dir='ltr'>se</span> <span class='ocrx_word' id='word_1_211' title='bbox 843 3448 1014 3522; x_wconf 89' lang='lat' dir='ltr'>&amp;Deum</span> <span class='ocrx_word' id='word_1_212' title='bbox 1038 3444 1160 3521; x_wconf 86' lang='lat' dir='ltr'>osten·</span> 
     </span>
     <span class='ocr_line' id='line_1_29' title="bbox 101 3541 1161 3645; baseline 0.006 -28"><span class='ocrx_word' id='word_1_213' title='bbox 101 3541 164 3617; x_wconf 88' lang='lat' dir='ltr'>dit.</span> <span class='ocrx_word' id='word_1_214' title='bbox 214 3543 250 3615; x_wconf 80' lang='lat' dir='ltr'>si</span> <span class='ocrx_word' id='word_1_215' title='bbox 269 3546 355 3618; x_wconf 92' lang='lat' dir='ltr'>item</span> <span class='ocrx_word' id='word_1_216' title='bbox 373 3559 476 3638; x_wconf 81' lang='lat' dir='ltr'>pater</span> <span class='ocrx_word' id='word_1_217' title='bbox 490 3544 646 3620; x_wconf 82' lang='lat' dir='ltr'>Christos</span> <span class='ocrx_word' id='word_1_218' title='bbox 667 3546 739 3639; x_wconf 85' lang='lat' dir='ltr'>est,</span> <span class='ocrx_word' id='word_1_219' title='bbox 763 3548 850 3621; x_wconf 86' lang='lat' dir='ltr'>alius</span> <span class='ocrx_word' id='word_1_220' title='bbox 870 3547 945 3642; x_wconf 86' lang='lat' dir='ltr'>est,</span> <span class='ocrx_word' id='word_1_221' title='bbox 969 3550 1026 3645; x_wconf 79' lang='lat' dir='ltr'>qui</span> <span class='ocrx_word' id='word_1_222' title='bbox 1040 3548 1161 3633; x_wconf 71' lang='lat' dir='ltr'>solidat</span> 
     </span>
     <span class='ocr_line' id='line_1_30' title="bbox 102 3642 1160 3741; baseline 0.004 -26"><span class='ocrx_word' id='word_1_223' title='bbox 102 3649 282 3715; x_wconf 76' lang='lat' dir='ltr'>tmitruum</span> <span class='ocrx_word' id='word_1_224' title='bbox 306 3642 345 3723; x_wconf 67' lang='grc' dir='ltr'>θ’</span> <span class='ocrx_word' id='word_1_225' title='bbox 363 3649 470 3717; x_wconf 81' lang='lat' dir='ltr'><em>condit</em></span> <span class='ocrx_word' id='word_1_226' title='bbox 480 3646 660 3741; x_wconf 80' lang='lat' dir='ltr'><em>spiritum,</em></span> <span class='ocrx_word' id='word_1_227' title='bbox 696 3647 735 3723; x_wconf 66' lang='grc' dir='ltr'>δ</span> <span class='ocrx_word' id='word_1_228' title='bbox 755 3651 935 3719; x_wconf 76' lang='lat' dir='ltr'><em>adnunciat</em></span> <span class='ocrx_word' id='word_1_229' title='bbox 956 3654 992 3717; x_wconf 85' lang='lat' dir='ltr'>in</span> <span class='ocrx_word' id='word_1_230' title='bbox 1012 3649 1160 3719; x_wconf 73' lang='lat' dir='ltr'>domimi</span> 
     </span>
     <span class='ocr_line' id='line_1_31' title="bbox 105 3744 1159 3845; baseline 0.006 -32"><span class='ocrx_word' id='word_1_231' title='bbox 105 3744 264 3840; x_wconf 72' lang='lat' dir='ltr'>ciriflm</span> <span class='ocrx_word' id='word_1_232' title='bbox 277 3747 376 3836; x_wconf 70' lang='lat' dir='ltr'>[uum.</span> <span class='ocrx_word' id='word_1_233' title='bbox 428 3744 513 3819; x_wconf 82' lang='lat' dir='ltr'>Etfi</span> <span class='ocrx_word' id='word_1_234' title='bbox 528 3748 720 3845; x_wconf 65' lang='lat' dir='ltr'><em>adstiterunt</em></span> <span class='ocrx_word' id='word_1_235' title='bbox 735 3765 937 3841; x_wconf 71' lang='lat' dir='ltr'>regestoria,</span> <span class='ocrx_word' id='word_1_236' title='bbox 965 3746 1005 3824; x_wconf 66' lang='grc' dir='ltr'>δ’</span> <span class='ocrx_word' id='word_1_237' title='bbox 1018 3750 1159 3819; x_wconf 79' lang='lat' dir='ltr'>archon·</span> 
     </span>
     <span class='ocr_line' id='line_1_32' title="bbox 101 3848 1158 3946; baseline 0.004 -29"><span class='ocrx_word' id='word_1_238' title='bbox 101 3858 150 3917; x_wconf 75' lang='lat' dir='ltr'>m</span> <span class='ocrx_word' id='word_1_239' title='bbox 163 3856 334 3941; x_wconf 75' lang='lat' dir='ltr'>congregati</span> <span class='ocrx_word' id='word_1_240' title='bbox 343 3848 479 3935; x_wconf 70' lang='lat' dir='ltr'>sicorim</span> <span class='ocrx_word' id='word_1_241' title='bbox 491 3870 592 3917; x_wconf 77' lang='lat' dir='ltr'>unum</span> <span class='ocrx_word' id='word_1_242' title='bbox 604 3848 753 3933; x_wconf 76' lang='lat' dir='ltr'>adversus</span> <span class='ocrx_word' id='word_1_243' title='bbox 762 3849 918 3946; x_wconf 71' lang='lat' dir='ltr'>christum</span> <span class='ocrx_word' id='word_1_244' title='bbox 933 3849 1038 3942; x_wconf 83' lang='lat' dir='ltr'><em>ipfius:</em></span> <span class='ocrx_word' id='word_1_245' title='bbox 1066 3849 1158 3921; x_wconf 83' lang='lat' dir='ltr'>alius</span> 
     </span>
     <span class='ocr_line' id='line_1_33' title="bbox 102 3943 1161 4045; baseline 0.004 -26"><span class='ocrx_word' id='word_1_246' title='bbox 102 3943 171 4019; x_wconf 80' lang='lat' dir='ltr'>erit</span> <span class='ocrx_word' id='word_1_247' title='bbox 187 3945 372 4043; x_wconf 86' lang='lat' dir='ltr'>dominus,</span> <span class='ocrx_word' id='word_1_248' title='bbox 400 3959 529 4022; x_wconf 77' lang='lat' dir='ltr'>contra</span> <span class='ocrx_word' id='word_1_249' title='bbox 546 3948 646 4040; x_wconf 84' lang='lat' dir='ltr'><strong>cujus</strong></span> <span class='ocrx_word' id='word_1_250' title='bbox 664 3943 839 4023; x_wconf 83' lang='lat' dir='ltr'>Christum</span> <span class='ocrx_word' id='word_1_251' title='bbox 856 3948 1065 4045; x_wconf 82' lang='lat' dir='ltr'>congregati</span> <span class='ocrx_word' id='word_1_252' title='bbox 1075 3945 1161 4023; x_wconf 85' lang='lat' dir='ltr'>sunt</span> 
     </span>
     <span class='ocr_line' id='line_1_34' title="bbox 101 4044 1161 4143; baseline 0.002 -22"><span class='ocrx_word' id='word_1_253' title='bbox 101 4064 204 4143; x_wconf 70' lang='lat' dir='ltr'>reges</span> <span class='ocrx_word' id='word_1_254' title='bbox 225 4044 262 4117; x_wconf 77' lang='lat' dir='ltr'>dt</span> <span class='ocrx_word' id='word_1_255' title='bbox 279 4050 486 4123; x_wconf 77' lang='lat' dir='ltr'>archontes.</span> <span class='ocrx_word' id='word_1_256' title='bbox 531 4044 585 4120; x_wconf 87' lang='lat' dir='ltr'>Et</span> <span class='ocrx_word' id='word_1_257' title='bbox 600 4046 646 4120; x_wconf 84' lang='lat' dir='ltr'>fi:</span> <span class='ocrx_word' id='word_1_258' title='bbox 678 4048 742 4118; x_wconf 72' lang='lat' dir='ltr'>hac</span> <span class='ocrx_word' id='word_1_259' title='bbox 763 4050 840 4121; x_wconf 79' lang='lat' dir='ltr'><em>dicit</em></span> <span class='ocrx_word' id='word_1_260' title='bbox 866 4053 1008 4121; x_wconf 79' lang='lat' dir='ltr'>domiuus</span> <span class='ocrx_word' id='word_1_261' title='bbox 1030 4053 1161 4123; x_wconf 80' lang='lat' dir='ltr'>domim</span> 
     </span>
     <span class='ocr_line' id='line_1_35' title="bbox 1041 4172 1109 4221; baseline 0.015 -1"><span class='ocrx_word' id='word_1_262' title='bbox 1041 4172 1109 4221; x_wconf 79' lang='lat' dir='ltr'>meo</span> 
     </span>
    </p>
   </div>
   <div class='ocr_carea' id='block_1_4' title="bbox 0 0 1208 4590">
    <p class='ocr_par' dir='ltr' id='par_1_4' title="bbox 0 0 1208 4590">
     <span class='ocr_line' id='line_1_36' title="bbox 0 0 1208 4590; baseline 0 0"><span class='ocrx_word' id='word_1_263' title='bbox 0 0 1208 4590; x_wconf 95' lang='lat' dir='ltr'> </span> 
     </span>
    </p>
   </div>
  </div>
 </body>
</html>
