2400 4590
426 90 763 169 Cnnmrun
1055 90 1129 183 ⁶&

64 257 251 348 Donavit,
279 253 477 350 pignusque
492 253 554 327 suo
575 255 619 327 de
636 255 758 346 spiritu
772 251 876 325 fudit

10 414 19 423 .
62 359 121 432 Ut
138 361 238 448 cujus
255 355 396 427 fuerant
413 356 576 427 homines
595 356 731 426 virtute
747 351 937 443 redempti,
1096 370 1102 385 ·

10 446 21 457 ’
64 458 184 549 Hujus
202 460 236 528 dt
255 457 461 545 acciperent
476 453 645 527 renovati
660 473 794 526 nomen
811 448 974 524 honoria.

64 556 167 653 Ergo
186 556 269 646 quia
286 554 428 646 populis
442 552 602 627 nondum
615 550 680 625 suo
696 550 801 624 fonte
817 548 951 623 renatis

10 694 25 761 3
64 655 242 730 Sordlbus
258 653 411 744 antiquis
430 652 555 745 metire
576 651 613 725 dt
627 651 753 726 debito
772 649 900 723 mortis

10 812 30 825 .
63 754 126 831 Ex
147 754 265 825 veteri
284 750 386 824 causa
399 772 547 849 regnum
561 750 702 825 coeleste
714 748 877 845 negavit,

64 855 227 943 Dicens,
254 853 445 925 humanum
459 850 577 923 rursus
594 850 729 924 debere
748 844 885 925 renasci

10 950 34 1029 3
66 952 183 1053 Quod
198 966 321 1023 natum
334 948 387 1023 est
400 950 444 1021 de
462 970 589 1043 carne,
613 970 702 1023 caro
716 946 792 1041 est,
815 947 864 1021 de
880 944 1002 1039 spiritu
1020 946 1113 1040 vita,

10 1046 25 1141 ζ
66 1052 210 1127 Radicis
229 1052 363 1123 veteris
379 1069 481 1122 nova
498 1051 657 1145 germina
672 1049 787 1145 gloria
799 1059 942 1121 mutans

10 1144 34 1241 ,ἶ
65 1150 245 1225 Ablutum
262 1168 395 1242 corpur
410 1148 482 1240 jrtm
496 1170 574 1222 non
589 1148 634 1223 de
647 1166 756 1223 cerne
775 1146 918 1220 vocari:

10 1250 20 1261 '
66 1250 155 1327 Hoc
176 1251 330 1341 sequitur
346 1246 496 1341 Paulus,
522 1248 569 1321 src
584 1246 636 1321 est
649 1248 815 1321 decarne
832 1247 992 1339 locutru,
1020 1302 1023 1313 .

22 1412 39 1443 ‚.
65 1348 235 1440 Denique
253 1347 366 1440 dixit,
392 1359 567 1441 oportere
581 1346 783 1440 superindui
803 1342 954 1435 vestem,

10 1448 41 1539 ,ξ
67 1448 178 1524 Hunc
197 1447 356 1520 habitunt
371 1444 554 1543 fragilem,
577 1447 769 1522 mortalem
782 1444 931 1540 contegi
949 1443 1115 1520 formam

10 1546 42 1563 “
66 1546 159 1621 Non
181 1546 274 1619 aliud
294 1566 426 1639 corpur
442 1546 538 1639 dari,
564 1545 622 1621 sed
634 1548 731 1641 prius
745 1544 833 1619 illud
849 1544 1020 1635 inermem

65 1644 239 1738 Undique
254 1666 367 1743 regno
384 1642 456 1718 Dei
475 1646 550 1717 lato
569 1644 780 1719 circumdari
797 1656 932 1735 tutum,

10 1806 51 1841 ,..
64 1746 269 1822 Momento.
284 1742 441 1839 aspedlus
455 1744 553 1817 oculi
568 1746 785 1839 mutabitur,
809 1740 941 1837 inquit,

10 1838 124 1919 *Ut
139 1846 226 1918 rufae
240 1865 338 1918 caerae
355 1843 464 1918 facies
479 1841 695 1935 dispandimr
713 1844 838 1935 herba,
996 1885 1000 1897 ·

10 2013 41 2031 ,,,
66 1942 118 2019 Et
135 1959 251 2018 mutat
265 1943 451 2038 proprium
463 1943 628 2017 candenti
644 1942 720 2017 sole
734 1944 918 2016 coloremr

10 2034 130 2149 {Sic
145 2044 269 2115 eadem
290 2060 374 2113 caro
389 2039 540 2137 fulgenti
554 2042 600 2115 de
619 2042 735 2137 gloria
751 2039 904 2133 sumens,

10 2152 58 2173 “··
69 2141 275 2232 Gaudebit,
302 2136 437 2231 semper
454 2138 635 2235 gaudens,
660 2138 831 2213 &morte
849 2138 1003 2237 carebit,

10 2320 17 2331 ,
66 2239 264 2315 Βενὶἑὶιιῐῃ
281 2239 436 2312 clamans
452 2239 630 2313 crudelem
645 2240 811 2333 corporis
829 2234 983 2332 hostem,

10 2340 55 2375 *-
69 2338 247 2412 Glutitam
261 2353 435 2430 mortem,
464 2337 570 2413 fortis
590 2338 743 2413 vietoria
757 2330 930 2429 Christus,

12 2442 57 2475 *⁴
66 2438 239 2540 Ingentes
253 2436 339 2511 Deo
355 2435 487 2512 summa
501 2436 626 2513 ferens
641 2440 687 2513 ad
700 2438 812 2513 sidera
826 2436 959 2513 laudes.

72 2599 1124 2658 «ἐξ-...ξω

10 2720 54 2777 ²
416 2718 657 2797 LIBER
704 2720 792 2801 111.·
890 2736 895 2749 “

10 2826 55 2943 ζ
72 2863 108 2919 1.
167 2863 223 2917 am
238 2842 381 2939 genuit,
402 2844 582 2936 quondam
600 2840 747 2937 sterilis,
770 2847 987 2943 cognomine
1002 2856 1132 2937 mater,

10 2954 54 2977 ‘⁴
119 2846 165 3052 J
190 2942 338 3035 Jamque
352 2962 474 3016 novus
492 2938 623 3041 gaudet
640 2944 795 3037 populus
812 2946 858 3018 de
876 2947 990 3019 libera
1010 2957 1131 3035 nattu,

10 3022 54 3117 Εἴ
69 3038 228 3136 Expulsa
243 3040 375 3115 famula
384 3036 525 3116 'merito
540 3062 621 3115 cum
633 3044 737 3135 prole
753 3042 920 3136 superba;

14 3126 54 3175 ’Π
67 3142 245 3217 Viventis
261 3161 406 3233 quoque
421 3140 535 3215 fontis
550 3162 657 3234 aquas
671 3142 810 3237 ingrata
824 3143 1008 3236 relinquit,

68 3240 123 3317 Et
135 3240 264 3334 tepidis
284 3260 405 3314 errans
424 3241 562 3314 ardenti
582 3242 693 3316 sidere
706 3255 823 3336 potat.

70 3340 149 3437 Jam
165 3337 309 3434 poliunt
323 3353 472 3436 gentes,
499 3339 678 3415 Abraham
697 3346 850 3416 clamare
864 3353 1064 3438 patentem,

74 3441 167 3533 Quae
184 3461 318 3513 vocem
334 3439 485 3513 Domini
499 3440 642 3515 ratione
658 3439 798 3533 secute,

72 3538 206 3639 Omnia
219 3541 401 3631 liquerunt
418 3560 569 3636 peregre
589 3538 624 3613 se
637 3539 754 3613 sistere
772 3540 872 3633 vitae,
922 3560 929 3579 ’

70 3636 212 3713 Laetare
228 3659 252 3710 ο
270 3637 418 3734 sterilis,
443 3636 645 3735 promillam
662 3641 817 3733 concipe
834 3641 990 3735 plebem,
1037 3678 1046 3695 ·

10 3824 25 3837 ι
71 3732 231 3831 Erumpe
249 3736 431 3835 &cluma,
457 3760 536 3837 que
549 3740 647 3814 nulla
660 3740 766 3833 prole
782 3740 901 3834 beatu,

10 3840 22 3869 '
127 3830 261 3914 Turul.
293 3830 382 3921 Toou
401 3841 446 3917 ll.
696 3836 761 3913 Xx
1025 3836 1090 3915 De
