2400 4590
105 532 180 609 534
236 514 286 611 Q.
310 506 448 586 Sorr'.
473 506 616 585 Fron.
641 502 1046 625 nonfurtum

105 678 236 765 limus,
271 672 310 745 in
330 692 454 746 manus
476 670 573 765 Dei,
606 691 824 763 quacunque
845 666 952 765 sunt,
984 672 1165 765 pervenit,

105 774 187 851 satis
206 776 361 860 beatus,
387 770 449 844 etsr
467 768 693 846 solummodo
712 768 908 846 conradus.
961 772 1067 871 Quid
1081 772 1166 847 enim

105 874 248 949 sinodo
262 872 410 963 amplius
426 891 560 963 opere,
582 868 695 943 statim
708 866 917 963 figmentum
934 869 980 942 de
999 870 1166 945 contadiu

106 970 180 1047 Dei
197 966 433 1044 constitiffeti.
458 968 564 1041 Adeo
582 990 780 1065 magnares
803 970 994 1065 agebatur,
1026 990 1099 1063 qua
1113 968 1167 1045 ista

79 1084 84 1093 '
106 1072 257 1149 materia
274 1071 518 1143 extruebatur.
557 1069 681 1159 ltaque
698 1068 834 1141 totiens
848 1070 1069 1161 honoratur,
1087 1090 1167 1162 quo

107 1174 201 1247 tiens
218 1190 341 1243 manus
357 1167 427 1240 Dei
443 1168 602 1263 patitur,
634 1168 716 1239 dum
734 1168 915 1263 tangitur,
942 1167 1029 1241 dum
1053 1170 1167 1243 decer·

107 1273 227 1367 pitur,
249 1269 332 1341 dum
350 1267 556 1358 deducitur,
583 1266 664 1341 dum
680 1265 865 1362 effingitur.
916 1267 1103 1365 Recogita
1117 1284 1166 1341 to·

109 1382 187 1443 tum
201 1369 253 1441 iili
266 1367 385 1441 Deum
400 1380 615 1458 occupatum
634 1388 676 1439 ac
694 1367 916 1455 dedicatum,
943 1388 1074 1458 manu,
1102 1366 1167 1441 ier·

107 1465 168 1562 su,
196 1486 329 1559 opere,
357 1466 526 1558 consilio,
552 1462 740 1558 sapientia,
767 1467 1023 1561 providentia,
1051 1464 1166 1560 &ipsa

109 1567 282 1661 inprimis
298 1564 519 1658 adsedione,
536 1586 613 1657 quae
626 1566 828 1639 liniamenta
842 1566 1009 1641 ducebat.
1046 1566 1166 1665 Quod·

111 1687 264 1757 cumque
286 1666 377 1739 enim
403 1666 505 1737 limus
532 1664 816 1758 exprimebatur,
854 1660 1014 1738 Christus
1039 1668 1166 1761 cogita·

109 1768 217 1842 batur
237 1766 348 1838 homo
367 1763 528 1858 futurus,
554 1764 652 1855 quod
675 1763 708 1837 dr
728 1764 853 1855 limus,
880 1764 1022 1836 &caro
1041 1762 1165 1857 sermo,

111 1866 211 1957 quod
236 1864 269 1937 &
292 1879 386 1937 terra
405 1877 504 1939 tunc.
553 1862 613 1937 Sic
632 1866 727 1938 eninr
747 1864 909 1958 praefatio
933 1867 1046 1956 patris
1067 1867 1113 1938 ad
1134 1862 1167 1939 fi·

110 1966 219 2041 lium:
259 1968 422 2035 Wrciamus
443 1965 599 2034 hominem
623 1966 663 2034 ad
687 1988 853 2058 rmagrnem
876 1962 915 2039 U
928 1964 1168 2057 fimilr'rudrrm

110 2074 258 2137 minam.
316 2064 452 2153 Etfecir
468 2066 625 2133 homiuem
646 2069 741 2134 treus.
793 2062 833 2137 ld
849 2064 972 2154 utique
992 2064 1094 2155 quod
1111 2062 1168 2137 fin·

111 2167 189 2251 xit,
224 2163 267 2236 ad
289 2163 473 2255 imaginem
498 2161 566 2234 Dei
593 2160 681 2233 fecit
710 2164 838 2255 iilum,
873 2161 1009 2235 scilicet
1032 2162 1167 2238 Christi.

111 2262 162 2335 Et
178 2261 290 2333 serm'o
314 2263 407 2334 enirn
426 2262 548 2348 Deus,
580 2260 640 2351 qui
658 2262 693 2332 in
713 2260 826 2357 effigie
846 2262 916 2334 Dei
938 2262 1168 2354 constitutus,

111 2386 209 2432 nrrtr
228 2368 337 2454 pinam
352 2362 543 2455 eurisirrrravit
554 2366 681 2456 pariari
704 2368 777 2432 iren.
830 2363 883 2434 Ita
904 2362 1007 2434 limus
1030 2365 1092 2436 ille
1107 2367 1169 2457 jam

112 2474 200 2533 tunc
221 2460 407 2549 imaginem
426 2461 575 2533 induens
593 2459 719 2535 Christi
740 2461 850 2534 futuri
872 2465 909 2534 in
933 2482 1064 2555 carne,
1102 2484 1169 2537 non

112 2575 250 2633 tantum
268 2560 337 2633 Dei
355 2582 446 2653 opus
465 2576 559 2653 erat,
585 2557 642 2633 sod
664 2562 848 2657 &pignum
900 2565 987 2663 Quo
1008 2584 1110 2637 nunc
1127 2564 1169 2638 fa·

22 2710 25 2714 -
116 2663 165 2734 cit
190 2661 232 2733 ad
261 2660 499 2735 infuscandam
530 2662 703 2756 originem
731 2663 871 2751 curnis,
907 2683 1042 2734 nomen
1073 2678 1171 2737 terro

113 2762 317 2856 ventilare,
343 2778 384 2832 ut
405 2760 601 2851 sordentis,
633 2776 672 2831 ut
690 2761 840 2851 jacentis
860 2761 1057 2833 elementi?
1095 2782 1168 2836 cum

115 2860 178 2932 etsr
201 2860 267 2930 alia
283 2863 430 2932 materia
451 2860 675 2932 excludendo
695 2860 829 2933 homini
847 2859 1098 2953 competiffet,
1125 2883 1169 2935 ar·

114 2955 221 3031 tiricis
237 2957 409 3053 fastigium
432 2961 623 3052 recogitari
641 2975 849 3053 oporteret:
876 2959 935 3049 qui
953 2961 1047 3033 illam
1065 2964 1100 3035 dt
1117 2964 1168 3035 eli·

115 3056 234 3153 gendo
254 3057 393 3151 dignam
407 3058 610 3151 judicaffet,
640 3058 873 3131 &undando
890 3058 1038 3135 feciffet.
1100 3062 1169 3135 Phi·

116 3156 181 3227 diae
199 3176 322 3228 manus
341 3158 472 3249 Jovem
494 3157 701 3249 Olympium
728 3182 772 3230 ex
800 3162 913 3230 ebore
933 3162 1111 3245 molitur,
1142 3160 1169 3233 a

117 3255 303 3328 adoratur:
328 3276 397 3327 nec
416 3258 486 3346 jam
505 3255 622 3328 bostiae
644 3256 677 3328 dt
696 3259 836 3348 quidem
852 3258 1068 3332 insulsrssimae
1091 3263 1168 3333 dens

118 3354 179 3429 est.
236 3353 305 3426 Sed
322 3354 487 3426 summum
508 3354 610 3426 seculi
630 3378 782 3446 numen,
809 3379 883 3430 non
904 3360 984 3451 quia
1010 3362 1170 3452 elephan-

117 3469 198 3544 tus,
227 3454 283 3528 sod
300 3455 380 3545 quia
394 3454 531 3527 Phidias
555 3468 695 3528 tantus:
724 3458 821 3529 Deus
840 3459 967 3543 vivus,
996 3460 1100 3531 Deus
1115 3482 1170 3531 ve·

117 3575 195 3641 rus,
218 3575 461 3644 quamcunque
476 3557 843 3647 materiae'vilitatom,
866 3577 941 3629 non
957 3558 1001 3630 de
1017 3557 1077 3631 sua
1093 3582 1172 3652 ope·

19 3732 32 3753 .
117 3653 258 3724 ratione
283 3654 484 3749 purgasset,
525 3656 560 3727 &
584 3656 627 3728 ab
650 3658 748 3728 omni
773 3654 976 3729 infirmitate
1000 3656 1171 3732 sanaffet?

118 3748 180 3823 An
200 3753 272 3824 hoc
292 3751 481 3847 supererit,
506 3768 548 3826 ut
570 3756 751 3828 honestius
771 3759 882 3829 homo
905 3754 1044 3850 Deum,
1072 3776 1173 3851 quam

118 3853 302 3926 hominem
321 3853 421 3925 Deus
444 3852 613 3927 finxerit?
647 3875 743 3928 nunc
764 3855 825 3928 etsi
842 3853 1041 3929 scandalum
1058 3859 1172 3947 limus,

119 3952 186 4023 alia
204 3952 275 4043 jam
294 3972 350 4024 res
374 3954 433 4029 est.
494 3953 646 4028 Carnem
663 3955 732 4045 jam
757 3969 888 4047 teneo,
923 3976 997 4027 non
1025 3970 1173 4029 terram:

118 4053 204 4124 licet
222 4050 255 4122 &
271 4072 356 4124 caro
375 4057 512 4147 audiat,
538 4054 638 4126 Terra
651 4080 698 4141 es,
719 4054 757 4130 (5
776 4079 811 4121 m
829 4072 947 4125 terram
960 4056 1030 4127 abis.
1061 4058 1175 4154 Origo

119 4150 350 4245 recensetur,
381 4174 457 4228 non
482 4154 669 4228 substantia
694 4168 901 4231 revocatur.
964 4155 1101 4229 Datum
1131 4154 1176 4229 est

1059 4257 1131 4331 effe
