2400 4590
110 532 180 613 168
239 531 287 630 Q.
313 524 451 603 sarr.
477 524 623 603 stou
649 521 1021 617 Tarruttraur

105 692 142 767 dc
157 709 272 783 usque
288 688 427 765 Bethor
447 686 663 769 ceciderunt
680 684 801 781 pastos
820 688 983 783 impasti,
1009 696 1166 765 armatos

104 792 273 867 inermes.
320 788 389 881 Hae
406 802 513 865 erunt
531 789 626 863 vires
641 788 878 879 jejunantium
898 788 1003 879 Deo,
1039 788 1168 869 coelum

104 911 175 987 pro
201 886 376 981 eiusmodi
404 887 554 965 militat:
583 887 695 993 babes
718 886 870 967 sormam
887 887 1035 981 presidii
1060 886 1170 963 etiam

104 986 314 1083 spiritalibus
334 986 436 1062 bellis
457 982 691 1067 necessariam.
741 984 897 1061 Proinde
921 1006 1001 1062 cum
1020 1005 1085 1059 rex
1100 983 1168 1060 As-

105 1084 282 1181 syriorum
304 1085 545 1165 Sennacherib,
569 1105 649 1163 cunr
675 1086 836 1179 pluribus
860 1086 931 1178 iam
957 1086 1167 1165 civitatibus

107 1188 220 1279 captis
234 1185 349 1263 Israeli
362 1205 427 1279 per
439 1182 622 1275 Rapsacen
634 1183 1034 1279 blasphemiasdcminas
1048 1185 1166 1257 inten-

104 1300 224 1375 taret,
258 1285 350 1359 nihil
369 1284 463 1363 aliud
486 1284 585 1361 illum
610 1304 630 1356 a
656 1282 847 1377 proposito
885 1285 921 1361 iu
951 1282 1165 1377 Aethiopias

107 1385 262 1476 avertit,
296 1382 425 1459 debinc
445 1398 589 1459 centum
607 1381 641 1453 ἃ
660 1381 845 1478 octoginta
867 1382 976 1461 miliia
1000 1383 1044 1455 de
1066 1403 1167 1459 excr-

69 1488 78 1497 '
107 1484 183 1559 citu
207 1483 285 1576 ejus
305 1487 370 1577 per
391 1482 554 1579 angelum
571 1479 779 1579 absumpsit,
806 1502 910 1577 quam
928 1478 1094 1559 Ezechiae
1110 1502 1166 1555 re-

106 1584 159 1681 gis
181 1580 393 1663 humiliatio,
448 1580 626 1673 Siquidem
651 1581 780 1655 duritia
803 1580 916 1655 hostis
940 1582 1166 1674 annunciata,

105 1678 244 1759 vestem
264 1679 390 1772 scidit,
419 1676 557 1759 saccum
577 1679 715 1774 induit,
749 1680 948 1771 eodemque
972 1680 1098 1757 habitu
1116 1678 1166 1761 se·

105 1782 227 1859 niutcs
254 1777 480 1857 sacerdotum
503 1778 547 1852 ad
568 1776 686 1853 Deum
709 1800 773 1874 per
791 1776 926 1853 Esaiam
944 1778 1041 1852 adue
1057 1778 1167 1873 suffit,

106 1881 232 1979 utique
243 1878 382 1972 jejunio
398 1899 523 1969 preces
538 1876 787 1973 prosequente.
838 1878 970 1973 Neque
985 1879 1079 1951 enirn
1094 1880 1166 1955 cibi

105 1991 247 2071 tempus
269 1980 306 2056 iu
328 1979 514 2071 periculo,
545 1998 613 2056 nec
631 1975 821 2051 saturitatis
844 1979 958 2053 cultra
983 1977 1020 2083 iq
1044 1975 1164 2071 sacco,

104 2076 242 2169 semper
264 2076 381 2151 inedia
401 2077 562 2153 moeroris
588 2075 727 2169 sequela
751 2076 820 2159 est,
849 2075 938 2155 srcut
959 2075 1081 2147 laetitia
1107 2098 1166 2148 ac·

106 2178 212 2250 cellro
226 2175 359 2271 saginae.
394 2175 462 2253 Per
478 2176 570 2253 hanc
583 2178 746 2249 moeroris
761 2174 934 2271 sequelam
949 2173 983 2246 dc
997 2174 1164 2266 inediam,

106 2277 213 2348 ctiam
239 2275 365 2349 civitas
392 2275 453 2352 illa
476 2276 658 2370 peccatrix
682 2274 818 2348 Ninive
839 2274 883 2351 dc
905 2274 1017 2346 exitio
1040 2267 1166 2367 praedi-¹

106 2390 191 2448 cato
211 2376 394 2455 liberatur,
441 2373 532 2447 Satis
550 2376 643 2448 enim
658 2375 868 2469 paenitentia
882 2372 1051 2448 scelerum
1067 2395 1167 2447 com-

105 2475 330 2550 mendaverit
342 2474 515 2566 jejunium
532 2474 653 2546 triduo
675 2472 814 2567 funda,
841 2475 946 2551 etiam
967 2475 1167 2567 pecudibus

106 2573 259 2663 caesiis,
287 2576 411 2667 quibus
428 2573 537 2650 iratus
555 2574 654 2646 Deus
672 2596 747 2646 non
762 2587 849 2649 erat
900 2572 1060 2647 Sodoma
1077 2594 1165 2665 quo-

81 2744 83 2749 .
106 2695 176 2769 que
196 2672 427 2749 &Gomorra
446 2672 630 2754 evanuerit
645 2674 668 2747 fi
679 2672 903 2767 jejunassent.
953 2672 1038 2745 Hoc
1053 2694 1166 2745 reme

105 2774 202 2847 dium
227 2772 385 2868 agnoscit
407 2772 440 2847 dc
466 2772 616 2865 Achab,
650 2775 801 2855 camilli
822 2773 903 2873 post
927 2771 1167 2869 transgresio-

103 2893 186 2946 nem
211 2873 244 2942 dc
267 2874 506 2944 idololatriam
532 2874 712 2945 &necem
735 2871 915 2945 Nabuthae
940 2887 1090 2967 propter
1115 2872 1167 2942 ui·

103 2990 209 3049 neam
223 2970 428 3059 interempti
446 2972 621 3061 aJeaabel
637 2993 680 3042 ex
709 2968 1037 3047 robralsetHellas:
1064 2974 1168 3067 quati·

104 3083 156 3138 ter
176 3068 307 3165 occidisti
324 3067 363 3143 (Ἰ
385 3068 598 3139 hereditatem
617 3088 655 3163 po
680 3070 782 3166 eda-sti,
817 3076 853 3138 in
876 3095 936 3168 quo
955 3075 1017 3140 lora
1034 3070 1168 3164 stingui·

103 3190 176 3241 nem
191 3168 357 3247 Nabutlrae
371 3192 462 3235 coner
477 3169 700 3251 delinxerant,
727 3183 818 3237 ruam
854 3193 952 3267 uoqree
967 3172 1167 3263 delingreat:

104 3264 264 3344 destituit
280 3263 501 3360 semetipsum
520 3266 703 3345 &saccum
723 3270 819 3341 carni
833 3195 904 3341 luae
918 3268 1105 3363 imposuit,
1133 3270 1168 3342 dc

100 3367 304 3462 jejunavit,
339 3364 569 3442 &dormivit
588 3367 625 3439 in
644 3366 771 3460 sacco,
797 3368 831 3439 dc
856 3381 943 3443 tunc
964 3366 1079 3443 sermo
1102 3369 1172 3442 do·

102 3468 189 3543 mirri
204 3466 247 3540 ad
258 3464 413 3544 Heliam:
435 3460 548 3561 Vidisti
561 3483 597 3539 ar
608 3474 767 3537 reveritus
771 3468 813 3558 fir
823 3469 940 3554 Achab,
954 3494 974 3537 a
986 3470 1065 3552 facie
1074 3494 1165 3538 mea:

98 3585 158 3663 pro
169 3593 201 3637 eo
213 3568 293 3667 prrod
306 3572 461 3637 reveritur
481 3566 538 3662 est,
553 3565 832 3661 nonsuperduram
845 3568 985 3653 lesuram
1002 3575 1040 3636 in
1058 3570 1168 3637 diebus

103 3665 209 3763 r'pfies,
221 3668 274 3753 sed
289 3671 324 3735 in
338 3665 441 3734 dietus
452 3666 523 3752 filii
536 3672 603 3763 ejus
612 3668 812 3761 superducam
827 3692 902 3752 eam,
920 3668 1069 3758 quinon
1088 3682 1170 3741 erat

99 3762 334 3858 jejunaturus.
350 3764 404 3838 lta
411 3765 585 3856 jejunium
595 3768 631 3838 in
642 3766 760 3838 Deum
771 3769 983 3841 reverentia
996 3788 1087 3860 opus
1101 3768 1168 3861 cst,

102 3881 169 3955 per
190 3866 288 3953 quod
304 3864 409 3937 Arana
427 3886 571 3954 quoque
595 3865 752 3937 ambiens
770 3886 863 3937 tarot
879 3866 1046 3939 Helcanae
1062 3884 1168 3940 retro

103 3956 256 4049 sterilis,
295 3965 501 4058 impetrauit
524 3965 627 4037 tacite
649 3986 668 4033 a
689 3964 774 4036 Deo
803 3967 942 4039 inanem
967 3967 1050 4038 cibo
1077 3988 1171 4042 uen-

103 4073 196 4133 trem
218 4055 292 4130 filio
319 4064 495 4155 implere,
536 4062 732 4153 &quidem
759 4066 947 4155 propheta.
997 4066 1068 4139 Sed
1088 4089 1168 4143 non

102 4157 217 4235 modo
234 4173 369 4232 naturae
387 4164 647 4257 mercationem,
675 4175 737 4235 aut
752 4166 993 4259 periculorum
1012 4168 1172 4242 aversio-¹

1019 4286 1115 4356 nem,

378 4474 464 4514 ‘x
