2400 4590
107 496 179 592 add
242 492 290 594 Q.
314 486 451 569 Sara.
476 484 620 565 Fron
643 483 1000 611 Taurunamur

103 672 185 732 rum
205 652 450 749 experimenta
472 648 753 739 revocavimus,
786 647 1041 725 conscientiam
1060 666 1159 723 com·

50 778 53 783 ⁴
83 770 248 831 ‘munem
273 748 513 827 consulamus:
543 747 616 844 ipsa
633 760 760 823 natura
778 748 1011 839 annuciabit,
1037 748 1159 840 quales

102 872 174 931 nos
192 865 275 927 ante
294 850 464 945 pabulum
482 847 681 944 inponam,
708 850 745 922 in
763 848 900 945 virgine
921 847 1036 921 adhuc
1050 844 1162 923 saliva

104 951 277 1027 exhibere
307 944 515 1041 consuerit,
549 948 657 1023 rebus
681 947 854 1021 duntaxat
875 943 989 1021 sensus
1013 946 1160 1041 agendis

105 1069 180 1143 quo
200 1046 320 1123 divirn
339 1045 559 1141 tradantur,
591 1046 615 1121 sa
634 1048 749 1121 multo
768 1046 996 1143 pollentioris
1012 1047 1159 1139 mentis,

103 1148 269 1228 fimulto
293 1147 492 1221 vivacioris
518 1145 663 1237 cordis,
705 1166 808 1238 quam
832 1165 913 1219 cum
933 1158 1052 1218 totum
1071 1144 1160 1218 illud

104 1247 326 1323 domicilium
345 1245 527 1323 interioris
543 1243 718 1336 hominis,
745 1243 831 1317 escis
850 1242 1037 1340 stipatum,
1062 1243 1159 1317 vinis

99 1345 342 1434 inundatum3
381 1342 625 1435 decoquendis
655 1344 727 1436 iam
756 1342 974 1419 stercoribus
997 1340 1159 1436 estuans,

102 1444 444 1542 praemeditatorium
463 1439 614 1517 efficitur
635 1442 867 1534 latrinarum,
902 1444 1033 1536 inquo
1055 1444 1160 1536 plane

103 1545 197 1623 nihil
210 1557 284 1620 tam
297 1544 335 1617 in
353 1543 522 1639 proximo
543 1540 707 1638 superfit,
735 1562 838 1635 quam
858 1542 900 1615 ad
916 1541 1095 1617 lasciviam
1112 1539 1161 1616 sa·

102 1664 203 1741 pere.
259 1646 476 1717 Manducavit
493 1646 624 1741 papulus
643 1641 682 1719 U
702 1641 798 1727 lilii,
829 1638 868 1719 Θ
879 1641 1092 1731 surrexeram!
1112 1643 1162 1715 ln·

102 1744 184 1817 doe.
235 1740 398 1839 Intellige
410 1737 532 1817 sandiae
545 1741 724 1836 scripturae
736 1741 1008 1829 verecundiam,
1035 1740 1161 1835 lusum,

103 1842 167 1919 nili
189 1840 427 1935 impudicum,
461 1862 537 1917 non
557 1839 766 1916 denotasset.
819 1839 994 1915 Caeterum
1013 1853 1164 1931 quotus·

105 1940 257 2037 quisque
270 1940 470 2015 meminerit
482 1940 686 2035 religionis,
713 1941 900 2035 occupatis
915 1938 1095 2013 memoriae
1108 1941 1163 2013 lo·

106 2042 178 2135 cis,
204 2038 382 2135 impeditis
396 2036 574 2131 sapientiae
587 2039 774 2131 membris,
800 2059 907 2113 nemo
924 2039 1027 2110 itaut
1041 2037 1162 2130 decet,

104 2139 158 2215 ita
174 2154 217 2211 ut
239 2135 393 2233 paceii,
426 2138 477 2211 ita
495 2150 538 2211 ut
557 2138 645 2212 utile
663 2136 734 2229 est,
764 2138 1013 2211 recordabitur
1033 2136 1102 2209 Dei
1122 2137 1162 2212 in

104 2258 155 2313 eo
178 2252 371 2329 tempore,
404 2255 480 2329 quo
501 2232 612 2333 ipsum
635 2236 698 2311 sibi
718 2237 898 2311 bominem
920 2235 1085 2311 excidere
1108 2233 1164 2308 so·

103 2335 214 2412 lenne
242 2332 302 2411 est.
364 2333 520 2411 Omnem
551 2333 769 2429 disciplinam
793 2333 908 2411 viiius
936 2349 997 2409 aut
1027 2334 1167 2409 occidit

105 2446 170 2512 aut
194 2434 371 2511 vulnerat
422 2432 607 2523 Mentior,
626 2435 656 2510 'sr
683 2455 758 2511 non
783 2435 948 2509 dominus
973 2434 1046 2529 ipse
1073 2435 1164 2508 obli·

104 2535 256 2611 vionem
270 2529 317 2605 sui
334 2536 556 2625 exprobrans
570 2532 705 2625 Israeli,
732 2532 867 2609 causam
880 2533 1093 2629 plenitudini
1110 2554 1166 2607 re·

50 2710 53 2715 ,
104 2644 221 2731 putat.
276 2631 467 2729 Imraaffiatur
483 2633 523 2732 est
539 2633 669 2707 diliiim
682 2634 721 2712 U
730 2632 949 2733 pinguefufius
960 2633 999 2711 (7
1009 2634 1165 2706 dilatatur

96 2730 165 2927 Ji.
184 2732 220 2807 U
239 2731 407 2833 dereliquit
423 2737 527 2808 Deum
543 2734 790 2832 purisssimae,
805 2733 843 2811 θ
858 2731 995 2825 absceffii
1010 2736 1166 2805 adomim

119 2830 334 2922 plurfimnre
353 2834 422 2921 suo.
478 2832 646 2929 Denique
670 2836 707 2909 in
725 2834 854 2911 eodem
872 2833 1166 2909 Deuteronomio

106 2927 257 3007 eandem
281 2929 431 3004 caussam
448 2933 640 3023 praecaveri
652 2934 802 3025 jubens:
837 2938 909 3019 Ne,
935 2932 1071 3026 inquit,
1097 2956 1166 3003 cuna

104 3029 348 3101 nmducavam
373 3026 412 3104 (7
436 3029 579 3121 liberis,
610 3031 649 3109 Θ
674 3033 773 3103 domos
797 3036 930 3127 optimos
951 3035 1164 3125 aedificaveris,

105 3128 216 3204 wihus
234 3125 272 3209 (7
287 3128 375 3199 bobus
390 3132 459 3201 iuis
474 3128 712 3225 multiplicaris,
738 3130 776 3208 (7
790 3150 919 3226 argento
937 3130 976 3211 si
988 3156 1085 3218 auro,
1110 3156 1165 3201 ex·

107 3228 245 3305 renum
263 3251 313 3299 cor
333 3245 446 3313 taum,
473 3228 512 3304 σ
531 3229 723 3318 oblivrfiuris
739 3233 856 3301 domini
878 3237 942 3304 Dei
962 3239 1023 3303 tui.
1074 3230 1166 3305 Prae·

105 3326 229 3425 posuit
244 3328 458 3420 corruptelae
473 3327 678 3403 divitiarum
697 3330 880 3406 edacitatis
900 3332 1168 3424 enormitatem,

107 3428 168 3501 cui
182 3424 409 3523 ipsadivitia
424 3442 631 3521 procurant.
690 3428 757 3503 Per
769 3430 845 3503 illas
858 3430 993 3504 scilicet
1002 3429 1165 3504 incrassa·

104 3536 185 3599 tum
200 3539 277 3601 erat
291 3544 356 3601 cnr
370 3526 495 3620 populi
506 3548 552 3599 ne
563 3528 678 3603 oculis
690 3528 845 3617 videret,
861 3531 1051 3603 &auribus
1069 3530 1167 3601 audi·

105 3622 225 3713 net&
240 3624 351 3697 corde
364 3625 563 3714 conjiceret
575 3627 734 3720 adipibus
746 3627 943 3719 obstructo,
955 3650 1040 3723 quas
1051 3628 1168 3699 nomi·

103 3719 218 3797 nutinr
232 3719 304 3797 esui
318 3720 473 3815 abstulit,
488 3724 669 3801 dedocens
681 3727 861 3803 hominem
875 3728 999 3824 saginae
1013 3726 1167 3803 studere.

105 3814 285 3897 Ceterum
302 3822 360 3897 cui
377 3843 442 3898 cor
457 3824 612 3901 medium
626 3826 749 3918 potius
765 3826 1035 3915 inveniebatur,
1061 3848 1169 3917 quam

95 3914 380 4016 impinguatum:
402 3924 461 4017 qui
476 3924 705 4021 quadraginta
720 3925 845 3999 diebus
859 3927 1085 4015 totidemque
1102 3948 1170 3998 no·

106 4012 218 4095 &bus
243 4017 346 4113 supra
368 4023 527 4097 bumana
547 4038 682 4099 naturae
696 4023 901 4099 facultatem
916 4025 1089 4118 jejunium
1107 4048 1169 4118 pe·

105 4118 275 4195 manavit-
287 4114 432 4216 spiritali
453 4119 525 4201 lide
543 4126 716 4201 virtutem
734 4121 1037 4203 subministrante:
1064 4125 1169 4299 <{alvi-

1091 4226 1118 4296 't
