2400 4590
261 528 943 637 invnturrrmomite*
1007 538 1120 653 ‘295

63 720 215 809 penne,
238 710 477 809 pueroque
514 708 1040 815 momenmentum,
1075 734 1120 791 ac
1173 728 1179 739 ·

63 828 132 907 per
146 808 221 883 hoc
233 810 413 907 privantm
430 832 465 887 m
525 894 530 909 ¹
591 808 805 909 poiiedeiit,
828 830 896 907 per
914 815 1013 905 quod
1031 812 1118 903 Deo

61 929 143 984 non
159 928 242 985 com
266 892 820 1017 nmidbquaomnirbei
834 910 1120 1007 propritrecen·
1183 960 1186 971 ·

63 1005 207 1101 sennar,
231 928 312 1083 gria
328 996 561 1105 praeiudicant
574 1010 621 1087 de
635 1012 773 1105 reliqua
787 1012 1069 1107 comparatione.
1105 1088 1110 1103 ,
1158 1068 1164 1097 .,

138 1128 173 1202 7.
197 1106 235 1180 Si
253 1107 429 1183 minorem
448 1108 485 1185 dr
505 1108 715 1187 inferiorem
734 1111 918 1203 materiam
941 1108 1049 1203 Deo,
1084 1108 1121 1187 b

58 1205 203 1283 idcirco
225 1204 398 1283 diversam
420 1208 466 1285 ab
489 1230 560 1303 eo,
584 1209 619 1285 bt
641 1206 780 1285 idcirco
804 1210 1123 1305 incomparabilem
1194 1288 1197 1297 ,

59 1305 115 1385 illi
129 1306 338 1401 contendit,
354 1308 557 1403 ornatiori,
572 1322 617 1383 ut
627 1308 818 1415 iirperiorit
838 1308 1028 1407 proscribo
1041 1326 1121 1385 non

60 1426 195 1502 capere
214 1408 322 1481 uliam
342 1404 616 1509 dmmutionem
636 1408 672 1483 dt
689 1408 995 1501 humiliationem,
1019 1400 1122 1503 quod

60 1506 106 1617 iit
119 1518 293 1581 eternum
307 1503 343 1580 dr
357 1506 538 1583 innamm:
561 1506 733 1601 quiahoc
747 1505 1122 1585 &Deumfaeiattm-

60 1617 162 1701 nam,
192 1616 343 1699 quantur
358 1603 431 1699 est,
455 1606 558 1683 nulio
573 1608 772 1702 minorem,
797 1628 916 1701 neque
934 1604 1120 1701 subjectio·

60 1722 165 1799 rem,
189 1705 263 1779 imo
285 1702 451 1781 omnibus
469 1706 643 1801 maiorem
661 1706 963 1783 &sublimiorem
1016 1706 1120 1785 sicut

60 1804 158 1881 enirn
175 1819 318 1897 cetera,
343 1824 423 1899 que
438 1802 653 1899 numantia,
676 1818 739 1881 rut
753 1802 905 1902 finiunt,
916 1804 967 1895 ,dr
979 1804 1123 1879 idcirco

60 1914 196 1979 etetm
218 1924 295 1980 non
314 1900 398 1979 sunt
420 1900 529 1981 semel
553 1904 720 2001 oppoiita
745 1902 829 2004 fini,
853 1926 932 1999 que
954 1904 991 1981 bt
1011 1904 1120 1981 initio

61 2002 257 2081 admittunt
281 2026 324 2079 ea
355 2024 434 2099 que
456 2004 662 2085 Deurmon
692 2008 813 2101 cepit,
847 2004 1121 2081 diminutionem

60 2103 149 2179 dico
162 2105 304 2179 interim
319 2103 355 2178 b
371 2102 648 2198 subjectionem:
670 2106 753 2199 quit
769 2116 855 2179 nata
871 2104 909 2179 &-
919 2102 1011 2195 fabia
1023 2103 1120 2203 sunt,

58 2204 113 2279 ita
126 2202 271 2278 &Deus
286 2204 370 2279 ideo
384 2225 426 2278 ea
437 2224 514 2279 non
528 2206 641 2303 capit:
660 2205 740 2300 quia
754 2226 823 2280 nec
834 2217 938 2279 natus
952 2204 1119 2299 omnino,

62 2324 133 2378 nec
149 2302 259 2377 fastus
273 2303 334 2380 est.
384 2303 434 2376 Et
448 2306 603 2380 materie
617 2320 734 2380 autem
746 2304 854 2379 status
871 2305 951 2378 talis
966 2301 1036 2399 est,
1056 2304 1120 2401 igi-

64 2418 127 2475 tur
148 2403 181 2477 dt
200 2404 342 2477 duobtu
365 2404 527 2499 aeternis,
552 2419 593 2479 ut
608 2405 754 2496 innatis,
780 2418 823 2478 ut
840 2403 1004 2497 inferiis,
1030 2403 1120 2481 Deo.

63 2514 172 2594 atque
187 2504 333 2576 materia
348 2505 397 2576 ob
421 2503 569 2578 eandem
584 2505 762 2576 rationem
781 2503 982 2576 communis
993 2502 1118 2597 statua,

62 2623 112 2677 err
135 2623 238 2695 aequo
264 2604 475 2676 habentibus
500 2603 557 2697 id,
591 2601 688 2693 quod
713 2622 830 2692 neque
855 2601 1023 2690 diminui,
1049 2622 1125 2674 nee.

61 2701 186 2795 subjici
208 2702 381 2795 admittit,
408 2700 537 2793 idest,
561 2701 815 2772 aetemitatemt
848 2712 1016 2772 neutrum
1034 2697 1121 2771 dici-

61 2824 144 2879 mus
160 2805 276 2876 altero
295 2800 364 2874 effe
381 2800 556 2875 minorem
572 2798 648 2873 srve
662 2799 852 2891 majorem:
882 2811 1050 2871 neruum
1071 2798 1120 2872 ai-

61 2916 149 2977 tero
170 2902 417 2993 humiliorem,
442 2898 516 2972 iive
540 2896 781 2994 superiorem,
814 2896 873 2971 sed
897 2895 989 2970 stare
1010 2896 1119 2972 ambo

64 3024 113 3079 ex
132 3005 208 3096 pari
225 3020 372 3095 magna,
409 3021 455 3073 ex
470 2998 547 3092 pari
564 2996 745 3090 sublimia,
778 3019 824 3071 ex
843 2998 919 3091 pari
940 2993 1060 3072 solida
1084 2994 1120 3072 ὰ

60 3099 232 3201 perfetio
261 3100 466 3190 felicitatis,
508 3119 586 3191 que
609 3095 772 3171 censetur
794 3097 984 3174 eremitas.
1043 3096 1121 3172 Ne·

63 3222 137 3295 que
149 3200 244 3274 enirn
258 3199 412 3293 proximi
426 3200 555 3272 erimus
568 3197 798 3290 opinionibus
809 3197 1017 3292 nationum,
1040 3218 1120 3288 quae

60 3300 249 3390 siquando
273 3314 452 3394 coguntur
468 3297 585 3371 Deum
606 3294 794 3391 confiteri,
821 3310 940 3371 tamen
968 3297 1002 3371 dt
1028 3297 1119 3368 aiior

62 3398 162 3476 infra
173 3399 270 3472 ilium
280 3399 430 3489 volunt,
474 3395 656 3470 Divinitas
672 3409 790 3471 autem
804 3397 949 3493 gradum
967 3415 1043 3469 non
1059 3395 1122 3469 ha·

61 3503 163 3591 bet,
194 3511 324 3592 utpote
348 3497 478 3590 unica,
510 3495 634 3589 quest
660 3494 694 3568 bt
717 3496 755 3568 in
778 3496 925 3568 materia
951 3495 1045 3586 erit,
1077 3506 1121 3567 ut

61 3597 221 3699 proinde
242 3600 363 3671 innata
385 3596 419 3668 dt
438 3594 589 3690 inferta,
614 3595 649 3668 br
670 3608 825 3687 aterna,
852 3592 966 3667 aderit
984 3593 1122 3665 utrobi·

64 3720 154 3794 que:
174 3699 256 3791 quia
269 3697 386 3771 minor
399 3693 435 3769 se
448 3714 622 3786 nusquam
636 3697 772 3788 poterit
785 3693 866 3771 eise.
918 3690 1120 3793 Quomodo

66 3816 157 3897 ergo
177 3797 374 3871 discernere
392 3795 536 3869 audebit
552 3794 818 3891 Hermogenes,
845 3804 952 3882 atque
976 3793 1025 3865 ita
1044 3790 1123 3884 suji-

66 3916 150 3972 cere
174 3896 261 3970 Deo
285 3899 489 3989 matenam,
516 3908 682 3967 artemam
709 3907 867 3985 aeterno,
892 3892 1048 3965 innatam
1069 3891 1122 3964 in·

63 4010 185 4092 nato,
217 3995 389 4069 autricem
413 3992 559 4069 autori?
595 3993 716 4066 dicere
740 3991 954 4084 audentem,
988 3990 1024 4063 bt
1050 4006 1122 4084 ego

62 4099 202 4195 prima,
228 4094 347 4193 &ego
367 4109 449 4166 ante
464 4093 609 4185 omnir,
635 4091 670 4169 bt
690 4110 759 4188 ego
779 4112 798 4164 a
815 4111 883 4181 qua
900 4093 1037 4173 omnia:
1060 4106 1124 4181 pa·

62 4218 125 4278 ret
143 4196 294 4296 tumus,
309 4194 409 4272 iimttl
421 4191 704 4369 fniumtTmbo
717 4191 792 4281 fine
803 4190 932 4293 initio,
948 4183 1116 4363 finegnti

333 4324 337 4333 ·
636 4308 658 4403 3
967 4307 1030 4365 un
1051 4306 1087 4369 b
