<?xml version="1.0" encoding="UTF-8"?>
<!DOCTYPE html PUBLIC "-//W3C//DTD XHTML 1.0 Transitional//EN"
    "http://www.w3.org/TR/xhtml1/DTD/xhtml1-transitional.dtd">
<html xmlns="http://www.w3.org/1999/xhtml" xml:lang="en" lang="en">
 <head>
  <title>
</title>
<meta http-equiv="Content-Type" content="text/html;charset=utf-8" />
  <meta name='ocr-system' content='tesseract 3.04.00' />
  <meta name='ocr-capabilities' content='ocr_page ocr_carea ocr_par ocr_line ocrx_word'/>
</head>
<body>
  <div class='ocr_page' id='page_1' title='image "./operaomniasanct03librgoog_0052.png"; bbox 0 0 2468 4530; ppageno 0'>
   <div class='ocr_carea' id='block_1_1' title="bbox 178 508 1091 615">
    <p class='ocr_par' dir='ltr' id='par_1_1' title="bbox 178 508 1091 615">
     <span class='ocr_line' id='line_1_1' title="bbox 178 508 1091 615; baseline 0.001 -25"><span class='ocrx_word' id='word_1_1' title='bbox 178 530 185 557; x_wconf 70' lang='lat'><em>³</em></span> <span class='ocrx_word' id='word_1_2' title='bbox 296 508 954 593; x_wconf 72' lang='lat' dir='ltr'>oronar·1orrr..·</span> <span class='ocrx_word' id='word_1_3' title='bbox 1040 534 1091 615; x_wconf 76' lang='lat' dir='ltr'>ap</span> 
     </span>
    </p>
   </div>
   <div class='ocr_carea' id='block_1_2' title="bbox 55 672 1094 4154">
    <p class='ocr_par' dir='ltr' id='par_1_2' title="bbox 55 672 1092 1051">
     <span class='ocr_line' id='line_1_2' title="bbox 55 672 1092 775; baseline 0.004 -24"><span class='ocrx_word' id='word_1_4' title='bbox 55 676 71 751; x_wconf 82' lang='lat' dir='ltr'>l</span> <span class='ocrx_word' id='word_1_5' title='bbox 95 676 311 773; x_wconf 82' lang='lat' dir='ltr'>parabolam</span> <span class='ocrx_word' id='word_1_6' title='bbox 340 693 486 767; x_wconf 86' lang='lat' dir='ltr'>quoque</span> <span class='ocrx_word' id='word_1_7' title='bbox 511 674 767 749; x_wconf 74' lang='lat' dir='ltr'>accomodavit</span> <span class='ocrx_word' id='word_1_8' title='bbox 784 674 880 751; x_wconf 82' lang='lat' dir='ltr'>iliius</span> <span class='ocrx_word' id='word_1_9' title='bbox 903 672 1092 775; x_wconf 79' lang='lat' dir='ltr'>hominis,</span> 
     </span>
     <span class='ocr_line' id='line_1_3' title="bbox 55 772 1092 871; baseline 0.006 -22"><span class='ocrx_word' id='word_1_10' title='bbox 55 780 78 851; x_wconf 89' lang='lat' dir='ltr'>ri</span> <span class='ocrx_word' id='word_1_11' title='bbox 109 776 421 871; x_wconf 81' lang='lat' dir='ltr'>provenientibus</span> <span class='ocrx_word' id='word_1_12' title='bbox 447 772 612 848; x_wconf 74' lang='lat' dir='ltr'>fruilibus</span> <span class='ocrx_word' id='word_1_13' title='bbox 640 775 912 869; x_wconf 79' lang='lat' dir='ltr'><strong>ampliationem</strong></span> <span class='ocrx_word' id='word_1_14' title='bbox 941 776 1092 855; x_wconf 83' lang='lat' dir='ltr'>lnorrao·</span> 
     </span>
     <span class='ocr_line' id='line_1_4' title="bbox 55 872 1092 971; baseline 0.006 -22"><span class='ocrx_word' id='word_1_15' title='bbox 55 898 98 953; x_wconf 77' lang='lat' dir='ltr'>im</span> <span class='ocrx_word' id='word_1_16' title='bbox 120 880 158 949; x_wconf 81' lang='lat' dir='ltr'>br</span> <span class='ocrx_word' id='word_1_17' title='bbox 180 879 299 971; x_wconf 81' lang='lat' dir='ltr'>longae</span> <span class='ocrx_word' id='word_1_18' title='bbox 316 872 513 951; x_wconf 69' lang='lat' dir='ltr'>securitatis</span> <span class='ocrx_word' id='word_1_19' title='bbox 525 873 637 970; x_wconf 85' lang='lat' dir='ltr'>spatia</span> <span class='ocrx_word' id='word_1_20' title='bbox 655 876 857 971; x_wconf 81' lang='lat' dir='ltr'>cogitavit,</span> <span class='ocrx_word' id='word_1_21' title='bbox 882 876 915 949; x_wconf 84' lang='lat' dir='ltr'>ir</span> <span class='ocrx_word' id='word_1_22' title='bbox 935 876 1008 971; x_wconf 81' lang='lat' dir='ltr'>ipdr</span> <span class='ocrx_word' id='word_1_23' title='bbox 1024 900 1092 955; x_wconf 89' lang='lat' dir='ltr'>no·</span> 
     </span>
     <span class='ocr_line' id='line_1_5' title="bbox 55 976 273 1051; baseline -0.009 0"><span class='ocrx_word' id='word_1_24' title='bbox 55 976 273 1051; x_wconf 88' lang='lat' dir='ltr'>emoritur.</span> 
     </span>
    </p>

    <p class='ocr_par' dir='ltr' id='par_1_3' title="bbox 55 1069 1094 3454">
     <span class='ocr_line' id='line_1_6' title="bbox 98 1069 1093 1170; baseline 0.004 -23"><span class='ocrx_word' id='word_1_25' title='bbox 98 1098 136 1170; x_wconf 82' lang='lat'>7.</span> <span class='ocrx_word' id='word_1_26' title='bbox 165 1072 404 1164; x_wconf 77' lang='lat' dir='ltr'>Consequens</span> <span class='ocrx_word' id='word_1_27' title='bbox 422 1081 523 1163; x_wconf 86' lang='lat' dir='ltr'>erat,</span> <span class='ocrx_word' id='word_1_28' title='bbox 547 1070 797 1146; x_wconf 84' lang='lat' dir='ltr'>ut-observaor</span> <span class='ocrx_word' id='word_1_29' title='bbox 812 1069 885 1147; x_wconf 80' lang='lat' dir='ltr'>Dei</span> <span class='ocrx_word' id='word_1_30' title='bbox 901 1074 1093 1151; x_wconf 82' lang='lat' dir='ltr'>liberalita-</span> 
     </span>
     <span class='ocr_line' id='line_1_7' title="bbox 55 1172 1092 1271; baseline 0.006 -28"><span class='ocrx_word' id='word_1_31' title='bbox 55 1204 80 1257; x_wconf 77' lang='grc' dir='ltr'>ι,</span> <span class='ocrx_word' id='word_1_32' title='bbox 111 1175 226 1248; x_wconf 88' lang='lat' dir='ltr'>etiam</span> <span class='ocrx_word' id='word_1_33' title='bbox 241 1175 466 1247; x_wconf 87' lang='lat' dir='ltr'>clementiam</span> <span class='ocrx_word' id='word_1_34' title='bbox 481 1172 558 1263; x_wconf 86' lang='lat' dir='ltr'>ejus</span> <span class='ocrx_word' id='word_1_35' title='bbox 578 1190 817 1265; x_wconf 80' lang='lat' dir='ltr'>precaremur.</span> <span class='ocrx_word' id='word_1_36' title='bbox 866 1174 968 1271; x_wconf 90' lang='lat' dir='ltr'>Quid</span> <span class='ocrx_word' id='word_1_37' title='bbox 993 1178 1092 1249; x_wconf 84' lang='lat' dir='ltr'>enlm</span> 
     </span>
     <span class='ocr_line' id='line_1_8' title="bbox 55 1268 1092 1367; baseline 0 -18"><span class='ocrx_word' id='word_1_38' title='bbox 55 1278 198 1349; x_wconf 85' lang='lat' dir='ltr'>imenta</span> <span class='ocrx_word' id='word_1_39' title='bbox 224 1272 446 1367; x_wconf 85' lang='lat' dir='ltr'>proderunt,</span> <span class='ocrx_word' id='word_1_40' title='bbox 469 1268 578 1344; x_wconf 82' lang='lat' dir='ltr'>stillis</span> <span class='ocrx_word' id='word_1_41' title='bbox 591 1286 800 1363; x_wconf 79' lang='lat' dir='ltr'>reputamur</span> <span class='ocrx_word' id='word_1_42' title='bbox 817 1290 969 1367; x_wconf 87' lang='lat' dir='ltr'>revera,</span> <span class='ocrx_word' id='word_1_43' title='bbox 994 1272 1092 1367; x_wconf 89' lang='lat' dir='ltr'>quali</span> 
     </span>
     <span class='ocr_line' id='line_1_9' title="bbox 55 1368 1091 1449; baseline 0 -2"><span class='ocrx_word' id='word_1_44' title='bbox 55 1394 148 1447; x_wconf 88' lang='lat' dir='ltr'>urus</span> <span class='ocrx_word' id='word_1_45' title='bbox 173 1370 218 1443; x_wconf 85' lang='lat' dir='ltr'>ad</span> <span class='ocrx_word' id='word_1_46' title='bbox 238 1368 445 1445; x_wconf 70' lang='lat' dir='ltr'>victimam?</span> <span class='ocrx_word' id='word_1_47' title='bbox 468 1368 612 1443; x_wconf 78' lang='lat' dir='ltr'>Sciebat</span> <span class='ocrx_word' id='word_1_48' title='bbox 626 1370 808 1445; x_wconf 87' lang='lat' dir='ltr'>Dominus</span> <span class='ocrx_word' id='word_1_49' title='bbox 829 1371 866 1444; x_wconf 87' lang='lat' dir='ltr'>se</span> <span class='ocrx_word' id='word_1_50' title='bbox 882 1370 996 1449; x_wconf 85' lang='lat' dir='ltr'>solum</span> <span class='ocrx_word' id='word_1_51' title='bbox 1015 1373 1091 1449; x_wconf 80' lang='lat' dir='ltr'>fine</span> 
     </span>
     <span class='ocr_line' id='line_1_10' title="bbox 55 1466 1091 1567; baseline -0.003 -20"><span class='ocrx_word' id='word_1_52' title='bbox 55 1472 159 1547; x_wconf 61' lang='lat' dir='ltr'>ilitio</span> <span class='ocrx_word' id='word_1_53' title='bbox 182 1466 266 1548; x_wconf 81' lang='lat' dir='ltr'>effe.</span> <span class='ocrx_word' id='word_1_54' title='bbox 318 1470 443 1543; x_wconf 85' lang='lat' dir='ltr'>Docet</span> <span class='ocrx_word' id='word_1_55' title='bbox 457 1475 605 1564; x_wconf 84' lang='lat' dir='ltr'>itaque,</span> <span class='ocrx_word' id='word_1_56' title='bbox 627 1487 769 1567; x_wconf 71' lang='lat' dir='ltr'>priamus</span> <span class='ocrx_word' id='word_1_57' title='bbox 790 1474 1021 1543; x_wconf 77' lang='lat' dir='ltr'>dimini-nolis</span> <span class='ocrx_word' id='word_1_58' title='bbox 1036 1476 1091 1545; x_wconf 77' lang='lat' dir='ltr'>dc·</span> 
     </span>
     <span class='ocr_line' id='line_1_11' title="bbox 55 1566 1093 1669; baseline 0.001 -24"><span class='ocrx_word' id='word_1_59' title='bbox 55 1590 91 1645; x_wconf 81' lang='lat' dir='ltr'>ra</span> <span class='ocrx_word' id='word_1_60' title='bbox 112 1570 232 1669; x_wconf 62' lang='lat' dir='ltr'>amira.</span> <span class='ocrx_word' id='word_1_61' title='bbox 283 1566 556 1665; x_wconf 77' lang='lat' dir='ltr'>Exomologesis</span> <span class='ocrx_word' id='word_1_62' title='bbox 582 1568 657 1660; x_wconf 86' lang='lat' dir='ltr'>est,</span> <span class='ocrx_word' id='word_1_63' title='bbox 690 1572 821 1665; x_wconf 89' lang='lat' dir='ltr'>petitio</span> <span class='ocrx_word' id='word_1_64' title='bbox 843 1571 983 1660; x_wconf 70' lang='lat' dir='ltr'>veniae,</span> <span class='ocrx_word' id='word_1_65' title='bbox 1009 1572 1093 1663; x_wconf 80' lang='lat' dir='ltr'>quia</span> 
     </span>
     <span class='ocr_line' id='line_1_12' title="bbox 55 1666 1094 1767; baseline -0.001 -22"><span class='ocrx_word' id='word_1_66' title='bbox 55 1675 84 1745; x_wconf 82' lang='lat' dir='ltr'>ai</span> <span class='ocrx_word' id='word_1_67' title='bbox 102 1672 203 1767; x_wconf 90' lang='lat' dir='ltr'>petit</span> <span class='ocrx_word' id='word_1_68' title='bbox 219 1672 373 1754; x_wconf 74' lang='lat' dir='ltr'>veriam,</span> <span class='ocrx_word' id='word_1_69' title='bbox 382 1666 548 1743; x_wconf 72' lang='lat' dir='ltr'>delicium</span> <span class='ocrx_word' id='word_1_70' title='bbox 562 1666 772 1747; x_wconf 85' lang='lat' dir='ltr'>confitetur.</span> <span class='ocrx_word' id='word_1_71' title='bbox 797 1670 856 1743; x_wconf 81' lang='lat' dir='ltr'>Sic</span> <span class='ocrx_word' id='word_1_72' title='bbox 867 1670 1094 1763; x_wconf 80' lang='lat' dir='ltr'>&amp;preniten-</span> 
     </span>
     <span class='ocr_line' id='line_1_13' title="bbox 55 1768 1093 1867; baseline 0 -22"><span class='ocrx_word' id='word_1_73' title='bbox 55 1768 589 1861; x_wconf 85' lang='lat' dir='ltr'>ademonstraturacceptabrlis</span> <span class='ocrx_word' id='word_1_74' title='bbox 598 1770 695 1855; x_wconf 90' lang='lat' dir='ltr'>Deo,</span> <span class='ocrx_word' id='word_1_75' title='bbox 704 1770 786 1861; x_wconf 88' lang='lat' dir='ltr'>qula</span> <span class='ocrx_word' id='word_1_76' title='bbox 796 1772 905 1867; x_wconf 82' lang='lat' dir='ltr'>magis</span> <span class='ocrx_word' id='word_1_77' title='bbox 914 1772 999 1843; x_wconf 88' lang='lat' dir='ltr'>vult</span> <span class='ocrx_word' id='word_1_78' title='bbox 1012 1788 1093 1847; x_wconf 82' lang='lat' dir='ltr'>earu</span> 
     </span>
     <span class='ocr_line' id='line_1_14' title="bbox 55 1866 1093 1962; baseline -0.004 -15"><span class='ocrx_word' id='word_1_79' title='bbox 55 1892 130 1947; x_wconf 81' lang='lat' dir='ltr'>ram</span> <span class='ocrx_word' id='word_1_80' title='bbox 153 1882 310 1943; x_wconf 87' lang='lat' dir='ltr'>mortem</span> <span class='ocrx_word' id='word_1_81' title='bbox 322 1870 534 1959; x_wconf 85' lang='lat' dir='ltr'>peccatoris.</span> <span class='ocrx_word' id='word_1_82' title='bbox 558 1866 734 1942; x_wconf 85' lang='lat' dir='ltr'>Debitum</span> <span class='ocrx_word' id='word_1_83' title='bbox 752 1883 872 1943; x_wconf 90' lang='lat' dir='ltr'>autem</span> <span class='ocrx_word' id='word_1_84' title='bbox 885 1872 923 1943; x_wconf 92' lang='lat' dir='ltr'>in</span> <span class='ocrx_word' id='word_1_85' title='bbox 942 1868 1093 1962; x_wconf 84' lang='lat' dir='ltr'>scriptu·</span> 
     </span>
     <span class='ocr_line' id='line_1_15' title="bbox 55 1966 1092 2064; baseline -0.003 -20"><span class='ocrx_word' id='word_1_86' title='bbox 55 1992 71 2043; x_wconf 90' lang='lat' dir='ltr'>s</span> <span class='ocrx_word' id='word_1_87' title='bbox 95 1968 219 2043; x_wconf 68' lang='lat' dir='ltr'>delicti</span> <span class='ocrx_word' id='word_1_88' title='bbox 242 1966 437 2064; x_wconf 84' lang='lat' dir='ltr'>figuraest,</span> <span class='ocrx_word' id='word_1_89' title='bbox 463 1968 560 2058; x_wconf 90' lang='lat' dir='ltr'>quod</span> <span class='ocrx_word' id='word_1_90' title='bbox 574 1968 725 2061; x_wconf 86' lang='lat' dir='ltr'>perinde</span> <span class='ocrx_word' id='word_1_91' title='bbox 738 1968 876 2059; x_wconf 84' lang='lat' dir='ltr'>judicio</span> <span class='ocrx_word' id='word_1_92' title='bbox 900 1969 1092 2063; x_wconf 85' lang='lat' dir='ltr'>debeatur,</span> 
     </span>
     <span class='ocr_line' id='line_1_16' title="bbox 55 2066 1092 2163; baseline 0.002 -22"><span class='ocrx_word' id='word_1_93' title='bbox 55 2072 114 2144; x_wconf 85' lang='lat' dir='ltr'>:ab</span> <span class='ocrx_word' id='word_1_94' title='bbox 129 2089 181 2141; x_wconf 91' lang='lat' dir='ltr'>eo</span> <span class='ocrx_word' id='word_1_95' title='bbox 196 2073 378 2163; x_wconf 84' lang='lat' dir='ltr'>exigatur,</span> <span class='ocrx_word' id='word_1_96' title='bbox 392 2087 462 2139; x_wconf 91' lang='lat' dir='ltr'>nec</span> <span class='ocrx_word' id='word_1_97' title='bbox 473 2068 604 2141; x_wconf 87' lang='lat' dir='ltr'>evadat</span> <span class='ocrx_word' id='word_1_98' title='bbox 614 2067 782 2161; x_wconf 84' lang='lat' dir='ltr'>justitiam</span> <span class='ocrx_word' id='word_1_99' title='bbox 792 2066 1010 2157; x_wconf 75' lang='lat' dir='ltr'>exactionis,</span> <span class='ocrx_word' id='word_1_100' title='bbox 1027 2068 1092 2143; x_wconf 87' lang='lat' dir='ltr'>niii</span> 
     </span>
     <span class='ocr_line' id='line_1_17' title="bbox 55 2164 1091 2255; baseline -0.002 -12"><span class='ocrx_word' id='word_1_101' title='bbox 55 2184 190 2243; x_wconf 80' lang='lat' dir='ltr'>onetur</span> <span class='ocrx_word' id='word_1_102' title='bbox 200 2164 352 2255; x_wconf 76' lang='lat' dir='ltr'>exsilio,</span> <span class='ocrx_word' id='word_1_103' title='bbox 362 2167 510 2239; x_wconf 86' lang='lat' dir='ltr'>sicutilli</span> <span class='ocrx_word' id='word_1_104' title='bbox 519 2166 625 2240; x_wconf 84' lang='lat' dir='ltr'>servo</span> <span class='ocrx_word' id='word_1_105' title='bbox 638 2168 804 2242; x_wconf 89' lang='lat' dir='ltr'>dominus</span> <span class='ocrx_word' id='word_1_106' title='bbox 814 2167 976 2242; x_wconf 84' lang='lat' dir='ltr'>debitum</span> <span class='ocrx_word' id='word_1_107' title='bbox 988 2170 1091 2243; x_wconf 90' lang='lat' dir='ltr'>remi·</span> 
     </span>
     <span class='ocr_line' id='line_1_18' title="bbox 55 2264 1091 2361; baseline 0.003 -20"><span class='ocrx_word' id='word_1_108' title='bbox 55 2284 77 2341; x_wconf 84' lang='lat' dir='ltr'>t.</span> <span class='ocrx_word' id='word_1_109' title='bbox 105 2264 1091 2361; x_wconf 78' lang='lat' dir='ltr'>Huceninspeuaterenplunparaboiaetotius.Nan</span> 
     </span>
     <span class='ocr_line' id='line_1_19' title="bbox 55 2365 1090 2459; baseline 0.004 -22"><span class='ocrx_word' id='word_1_110' title='bbox 55 2390 61 2437; x_wconf 86' lang='lat'>;</span> <span class='ocrx_word' id='word_1_111' title='bbox 77 2366 181 2459; x_wconf 90' lang='lat' dir='ltr'>quod</span> <span class='ocrx_word' id='word_1_112' title='bbox 195 2365 290 2438; x_wconf 87' lang='lat' dir='ltr'>idern</span> <span class='ocrx_word' id='word_1_113' title='bbox 305 2365 426 2439; x_wconf 89' lang='lat' dir='ltr'>servus</span> <span class='ocrx_word' id='word_1_114' title='bbox 440 2387 459 2436; x_wconf 91' lang='lat' dir='ltr'>a</span> <span class='ocrx_word' id='word_1_115' title='bbox 477 2366 627 2441; x_wconf 89' lang='lat' dir='ltr'>domino</span> <span class='ocrx_word' id='word_1_116' title='bbox 644 2368 834 2457; x_wconf 84' lang='lat' dir='ltr'>liberatur,</span> <span class='ocrx_word' id='word_1_117' title='bbox 847 2388 927 2439; x_wconf 93' lang='lat' dir='ltr'>non</span> <span class='ocrx_word' id='word_1_118' title='bbox 938 2367 1090 2459; x_wconf 81' lang='lat' dir='ltr'>perinde</span> 
     </span>
     <span class='ocr_line' id='line_1_20' title="bbox 55 2464 1091 2559; baseline 0 -20"><span class='ocrx_word' id='word_1_119' title='bbox 55 2470 144 2539; x_wconf 84' lang='lat' dir='ltr'>arcit</span> <span class='ocrx_word' id='word_1_120' title='bbox 156 2466 313 2537; x_wconf 91' lang='lat' dir='ltr'>debitori</span> <span class='ocrx_word' id='word_1_121' title='bbox 331 2464 415 2554; x_wconf 82' lang='lat' dir='ltr'>suo,</span> <span class='ocrx_word' id='word_1_122' title='bbox 431 2484 472 2535; x_wconf 92' lang='lat' dir='ltr'>ac</span> <span class='ocrx_word' id='word_1_123' title='bbox 486 2481 680 2559; x_wconf 87' lang='lat' dir='ltr'>propterca</span> <span class='ocrx_word' id='word_1_124' title='bbox 693 2466 832 2539; x_wconf 88' lang='lat' dir='ltr'>delatus</span> <span class='ocrx_word' id='word_1_125' title='bbox 848 2486 962 2559; x_wconf 87' lang='lat' dir='ltr'>penes</span> <span class='ocrx_word' id='word_1_126' title='bbox 977 2464 1091 2539; x_wconf 89' lang='lat' dir='ltr'>domi·</span> 
     </span>
     <span class='ocr_line' id='line_1_21' title="bbox 55 2564 1093 2659; baseline -0.002 -22"><span class='ocrx_word' id='word_1_127' title='bbox 55 2586 114 2639; x_wconf 91' lang='lat' dir='ltr'>um</span> <span class='ocrx_word' id='word_1_128' title='bbox 124 2565 261 2637; x_wconf 92' lang='lat' dir='ltr'>tortori</span> <span class='ocrx_word' id='word_1_129' title='bbox 274 2564 469 2659; x_wconf 80' lang='lat' dir='ltr'>delegatur,</span> <span class='ocrx_word' id='word_1_130' title='bbox 481 2564 523 2635; x_wconf 90' lang='lat' dir='ltr'>ad</span> <span class='ocrx_word' id='word_1_131' title='bbox 538 2564 751 2637; x_wconf 77' lang='lat' dir='ltr'>solvendum</span> <span class='ocrx_word' id='word_1_132' title='bbox 767 2564 994 2639; x_wconf 84' lang='lat' dir='ltr'>novillimum</span> <span class='ocrx_word' id='word_1_133' title='bbox 1009 2584 1093 2653; x_wconf 87' lang='lat' dir='ltr'>qua·</span> 
     </span>
     <span class='ocr_line' id='line_1_22' title="bbox 55 2660 1093 2754; baseline -0.004 -19"><span class='ocrx_word' id='word_1_134' title='bbox 55 2678 209 2753; x_wconf 86' lang='lat' dir='ltr'>rantem,</span> <span class='ocrx_word' id='word_1_135' title='bbox 218 2664 253 2733; x_wconf 92' lang='lat' dir='ltr'>id</span> <span class='ocrx_word' id='word_1_136' title='bbox 266 2661 508 2735; x_wconf 88' lang='lat' dir='ltr'>estmodicum</span> <span class='ocrx_word' id='word_1_137' title='bbox 518 2662 629 2751; x_wconf 88' lang='lat' dir='ltr'>usque</span> <span class='ocrx_word' id='word_1_138' title='bbox 641 2660 889 2733; x_wconf 70' lang='lat' dir='ltr'>deliciumreo</span> <span class='ocrx_word' id='word_1_139' title='bbox 899 2660 1093 2754; x_wconf 84' lang='lat' dir='ltr'>competit,</span> 
     </span>
     <span class='ocr_line' id='line_1_23' title="bbox 55 2754 1092 2852; baseline -0.001 -16"><span class='ocrx_word' id='word_1_140' title='bbox 55 2764 125 2836; x_wconf 91' lang='lat' dir='ltr'>uod</span> <span class='ocrx_word' id='word_1_141' title='bbox 145 2765 336 2836; x_wconf 86' lang='lat' dir='ltr'>remittere</span> <span class='ocrx_word' id='word_1_142' title='bbox 357 2780 426 2845; x_wconf 78' lang='lat' dir='ltr'>nos</span> <span class='ocrx_word' id='word_1_143' title='bbox 454 2779 600 2850; x_wconf 91' lang='lat' dir='ltr'>quoque</span> <span class='ocrx_word' id='word_1_144' title='bbox 623 2754 840 2852; x_wconf 82' lang='lat' dir='ltr'>profitemur</span> <span class='ocrx_word' id='word_1_145' title='bbox 866 2759 1092 2835; x_wconf 83' lang='lat' dir='ltr'>debitoribus</span> 
     </span>
     <span class='ocr_line' id='line_1_24' title="bbox 55 2856 1091 2957; baseline -0.004 -22"><span class='ocrx_word' id='word_1_146' title='bbox 55 2860 172 2936; x_wconf 85' lang='lat' dir='ltr'>ostris.</span> <span class='ocrx_word' id='word_1_147' title='bbox 200 2856 891 2957; x_wconf 79' lang='lat' dir='ltr'>Jamdcalibi,exhacspecieorationis:</span> <span class='ocrx_word' id='word_1_148' title='bbox 908 2863 1091 2955; x_wconf 77' lang='lat' dir='ltr'>Remirrire,</span> 
     </span>
     <span class='ocr_line' id='line_1_25' title="bbox 55 2956 1091 3057; baseline 0 -22"><span class='ocrx_word' id='word_1_149' title='bbox 55 2964 161 3055; x_wconf 74' lang='lat' dir='ltr'>nquit,</span> <span class='ocrx_word' id='word_1_150' title='bbox 178 2958 515 3037; x_wconf 69' lang='lat' dir='ltr'>&amp;remitteturvobis</span> <span class='ocrx_word' id='word_1_151' title='bbox 539 2956 590 3031; x_wconf 88' lang='lat' dir='ltr'>Et</span> <span class='ocrx_word' id='word_1_152' title='bbox 600 2978 682 3031; x_wconf 91' lang='lat' dir='ltr'>cum</span> <span class='ocrx_word' id='word_1_153' title='bbox 692 2956 940 3055; x_wconf 84' lang='lat' dir='ltr'>interrogalset</span> <span class='ocrx_word' id='word_1_154' title='bbox 950 2957 1091 3057; x_wconf 85' lang='lat' dir='ltr'>Petrus,</span> 
     </span>
     <span class='ocr_line' id='line_1_26' title="bbox 68 3055 1092 3157; baseline -0.001 -24"><span class='ocrx_word' id='word_1_155' title='bbox 68 3060 204 3155; x_wconf 87' lang='lat' dir='ltr'>septies</span> <span class='ocrx_word' id='word_1_156' title='bbox 218 3059 471 3135; x_wconf 89' lang='lat' dir='ltr'>remittendum</span> <span class='ocrx_word' id='word_1_157' title='bbox 488 3055 705 3131; x_wconf 83' lang='lat' dir='ltr'>elietfratri:</span> <span class='ocrx_word' id='word_1_158' title='bbox 732 3060 844 3144; x_wconf 85' lang='lat' dir='ltr'>immo,</span> <span class='ocrx_word' id='word_1_159' title='bbox 868 3060 1001 3151; x_wconf 86' lang='lat' dir='ltr'>inquit,</span> <span class='ocrx_word' id='word_1_160' title='bbox 1022 3062 1092 3157; x_wconf 83' lang='lat' dir='ltr'>sep·</span> 
     </span>
     <span class='ocr_line' id='line_1_27' title="bbox 55 3156 1091 3257; baseline -0.001 -25"><span class='ocrx_word' id='word_1_161' title='bbox 55 3169 150 3256; x_wconf 70' lang='lat' dir='ltr'>regies</span> <span class='ocrx_word' id='word_1_162' title='bbox 167 3164 302 3257; x_wconf 74' lang='lat' dir='ltr'>sepcies,</span> <span class='ocrx_word' id='word_1_163' title='bbox 328 3172 370 3232; x_wconf 92' lang='lat' dir='ltr'>ut</span> <span class='ocrx_word' id='word_1_164' title='bbox 387 3162 502 3254; x_wconf 85' lang='lat' dir='ltr'>legem</span> <span class='ocrx_word' id='word_1_165' title='bbox 518 3159 556 3231; x_wconf 91' lang='lat' dir='ltr'>io</span> <span class='ocrx_word' id='word_1_166' title='bbox 573 3158 700 3232; x_wconf 89' lang='lat' dir='ltr'>melius</span> <span class='ocrx_word' id='word_1_167' title='bbox 723 3156 956 3250; x_wconf 87' lang='lat' dir='ltr'>reformaret,</span> <span class='ocrx_word' id='word_1_168' title='bbox 991 3159 1091 3248; x_wconf 92' lang='lat' dir='ltr'>quod</span> 
     </span>
     <span class='ocr_line' id='line_1_28' title="bbox 55 3255 1091 3350; baseline -0.003 -16"><span class='ocrx_word' id='word_1_169' title='bbox 55 3284 64 3334; x_wconf 87' lang='grc' dir='ltr'>ι</span> <span class='ocrx_word' id='word_1_170' title='bbox 83 3260 222 3333; x_wconf 85' lang='lat' dir='ltr'>Genefi</span> <span class='ocrx_word' id='word_1_171' title='bbox 238 3261 283 3333; x_wconf 90' lang='lat' dir='ltr'>de</span> <span class='ocrx_word' id='word_1_172' title='bbox 303 3257 391 3330; x_wconf 87' lang='lat' dir='ltr'>Cain</span> <span class='ocrx_word' id='word_1_173' title='bbox 406 3256 556 3350; x_wconf 86' lang='lat' dir='ltr'>septies,</span> <span class='ocrx_word' id='word_1_174' title='bbox 581 3256 626 3331; x_wconf 91' lang='lat' dir='ltr'>de</span> <span class='ocrx_word' id='word_1_175' title='bbox 640 3256 799 3332; x_wconf 85' lang='lat' dir='ltr'>Lamech</span> <span class='ocrx_word' id='word_1_176' title='bbox 815 3269 935 3333; x_wconf 84' lang='lat' dir='ltr'>autem</span> <span class='ocrx_word' id='word_1_177' title='bbox 953 3255 1091 3350; x_wconf 85' lang='lat' dir='ltr'>septua-</span> 
     </span>
     <span class='ocr_line' id='line_1_29' title="bbox 55 3354 639 3454; baseline -0.01 -21"><span class='ocrx_word' id='word_1_178' title='bbox 55 3364 101 3435; x_wconf 87' lang='lat' dir='ltr'>ies</span> <span class='ocrx_word' id='word_1_179' title='bbox 127 3358 261 3454; x_wconf 87' lang='lat' dir='ltr'>septies</span> <span class='ocrx_word' id='word_1_180' title='bbox 283 3359 376 3430; x_wconf 92' lang='lat' dir='ltr'>ultio</span> <span class='ocrx_word' id='word_1_181' title='bbox 394 3370 560 3450; x_wconf 88' lang='lat' dir='ltr'>reputata</span> <span class='ocrx_word' id='word_1_182' title='bbox 576 3354 639 3427; x_wconf 80' lang='lat' dir='ltr'>eli.</span> 
     </span>
    </p>

    <p class='ocr_par' dir='ltr' id='par_1_4' title="bbox 55 3454 1094 4154">
     <span class='ocr_line' id='line_1_30' title="bbox 104 3454 1090 3550; baseline -0.004 -19"><span class='ocrx_word' id='word_1_183' title='bbox 104 3469 138 3541; x_wconf 87' lang='lat'>8.</span> <span class='ocrx_word' id='word_1_184' title='bbox 169 3458 314 3531; x_wconf 81' lang='lat' dir='ltr'>Adiecit</span> <span class='ocrx_word' id='word_1_185' title='bbox 329 3458 372 3528; x_wconf 88' lang='lat' dir='ltr'>ad</span> <span class='ocrx_word' id='word_1_186' title='bbox 388 3456 649 3550; x_wconf 86' lang='lat' dir='ltr'>plenitudinem</span> <span class='ocrx_word' id='word_1_187' title='bbox 664 3466 736 3530; x_wconf 85' lang='lat' dir='ltr'>tam</span> <span class='ocrx_word' id='word_1_188' title='bbox 757 3455 935 3548; x_wconf 77' lang='lat' dir='ltr'>expeditae</span> <span class='ocrx_word' id='word_1_189' title='bbox 956 3454 1090 3527; x_wconf 89' lang='lat' dir='ltr'>oratio·</span> 
     </span>
     <span class='ocr_line' id='line_1_31' title="bbox 56 3553 1091 3649; baseline -0.007 -15"><span class='ocrx_word' id='word_1_190' title='bbox 56 3563 108 3640; x_wconf 85' lang='lat' dir='ltr'>is,</span> <span class='ocrx_word' id='word_1_191' title='bbox 135 3572 181 3630; x_wconf 90' lang='lat' dir='ltr'>ut</span> <span class='ocrx_word' id='word_1_192' title='bbox 214 3578 289 3630; x_wconf 91' lang='lat' dir='ltr'>non</span> <span class='ocrx_word' id='word_1_193' title='bbox 319 3557 366 3629; x_wconf 90' lang='lat' dir='ltr'>de</span> <span class='ocrx_word' id='word_1_194' title='bbox 390 3555 614 3629; x_wconf 76' lang='lat' dir='ltr'>remittendis</span> <span class='ocrx_word' id='word_1_195' title='bbox 640 3566 802 3649; x_wconf 89' lang='lat' dir='ltr'>tantum,</span> <span class='ocrx_word' id='word_1_196' title='bbox 827 3553 886 3626; x_wconf 90' lang='lat' dir='ltr'>sed</span> <span class='ocrx_word' id='word_1_197' title='bbox 911 3553 1020 3626; x_wconf 87' lang='lat' dir='ltr'>etiam</span> <span class='ocrx_word' id='word_1_198' title='bbox 1044 3554 1091 3627; x_wconf 93' lang='lat' dir='ltr'>de</span> 
     </span>
     <span class='ocr_line' id='line_1_32' title="bbox 55 3652 1092 3749; baseline -0.008 -17"><span class='ocrx_word' id='word_1_199' title='bbox 55 3658 241 3734; x_wconf 80' lang='lat' dir='ltr'>vertendis</span> <span class='ocrx_word' id='word_1_200' title='bbox 257 3660 293 3729; x_wconf 91' lang='lat' dir='ltr'>in</span> <span class='ocrx_word' id='word_1_201' title='bbox 307 3670 425 3729; x_wconf 92' lang='lat' dir='ltr'>totum</span> <span class='ocrx_word' id='word_1_202' title='bbox 441 3652 575 3728; x_wconf 79' lang='lat' dir='ltr'>deliciis</span> <span class='ocrx_word' id='word_1_203' title='bbox 590 3653 879 3749; x_wconf 86' lang='lat' dir='ltr'>supplicaremus,</span> <span class='ocrx_word' id='word_1_204' title='bbox 905 3656 1028 3725; x_wconf 81' lang='lat' dir='ltr'>Nenos</span> <span class='ocrx_word' id='word_1_205' title='bbox 1040 3660 1092 3724; x_wconf 84' lang='lat' dir='ltr'>in·</span> 
     </span>
     <span class='ocr_line' id='line_1_33' title="bbox 55 3753 1092 3846; baseline -0.004 -15"><span class='ocrx_word' id='word_1_206' title='bbox 55 3788 123 3832; x_wconf 73' lang='lat' dir='ltr'>scas</span> <span class='ocrx_word' id='word_1_207' title='bbox 144 3764 433 3845; x_wconf 78' lang='lat' dir='ltr'>intentationem,</span> <span class='ocrx_word' id='word_1_208' title='bbox 458 3754 591 3846; x_wconf 89' lang='lat' dir='ltr'>idest,</span> <span class='ocrx_word' id='word_1_209' title='bbox 622 3776 670 3828; x_wconf 89' lang='lat' dir='ltr'>ne</span> <span class='ocrx_word' id='word_1_210' title='bbox 688 3776 758 3829; x_wconf 88' lang='lat' dir='ltr'>nos</span> <span class='ocrx_word' id='word_1_211' title='bbox 783 3754 926 3845; x_wconf 85' lang='lat' dir='ltr'>patiaris</span> <span class='ocrx_word' id='word_1_212' title='bbox 949 3753 1092 3845; x_wconf 87' lang='lat' dir='ltr'>induci,</span> 
     </span>
     <span class='ocr_line' id='line_1_34' title="bbox 55 3851 1092 3949; baseline -0.006 -16"><span class='ocrx_word' id='word_1_213' title='bbox 55 3864 140 3935; x_wconf 90' lang='lat' dir='ltr'>beo</span> <span class='ocrx_word' id='word_1_214' title='bbox 156 3860 306 3949; x_wconf 88' lang='lat' dir='ltr'>utique,</span> <span class='ocrx_word' id='word_1_215' title='bbox 335 3858 393 3945; x_wconf 91' lang='lat' dir='ltr'>qui</span> <span class='ocrx_word' id='word_1_216' title='bbox 410 3866 537 3929; x_wconf 88' lang='lat' dir='ltr'>tentat.</span> <span class='ocrx_word' id='word_1_217' title='bbox 588 3851 759 3929; x_wconf 90' lang='lat' dir='ltr'>Ceterum</span> <span class='ocrx_word' id='word_1_218' title='bbox 775 3852 881 3943; x_wconf 82' lang='lat' dir='ltr'>absit,</span> <span class='ocrx_word' id='word_1_219' title='bbox 906 3868 948 3928; x_wconf 90' lang='lat' dir='ltr'>ut</span> <span class='ocrx_word' id='word_1_220' title='bbox 961 3851 1092 3927; x_wconf 90' lang='lat' dir='ltr'>Domi·</span> 
     </span>
     <span class='ocr_line' id='line_1_35' title="bbox 55 3950 1094 4049; baseline -0.006 -18"><span class='ocrx_word' id='word_1_221' title='bbox 55 3982 98 4034; x_wconf 77' lang='lat' dir='ltr'>ius</span> <span class='ocrx_word' id='word_1_222' title='bbox 118 3976 263 4033; x_wconf 90' lang='lat' dir='ltr'>tentare</span> <span class='ocrx_word' id='word_1_223' title='bbox 288 3954 471 4047; x_wconf 89' lang='lat' dir='ltr'>videatur,</span> <span class='ocrx_word' id='word_1_224' title='bbox 498 3953 593 4044; x_wconf 85' lang='lat' dir='ltr'>quasa</span> <span class='ocrx_word' id='word_1_225' title='bbox 613 3968 675 4025; x_wconf 89' lang='lat' dir='ltr'>aut</span> <span class='ocrx_word' id='word_1_226' title='bbox 695 3955 838 4049; x_wconf 85' lang='lat' dir='ltr'>ignoret</span> <span class='ocrx_word' id='word_1_227' title='bbox 855 3950 961 4028; x_wconf 84' lang='lat' dir='ltr'>iidem</span> <span class='ocrx_word' id='word_1_228' title='bbox 977 3954 1094 4045; x_wconf 76' lang='lat' dir='ltr'>cujus·</span> 
     </span>
     <span class='ocr_line' id='line_1_36' title="bbox 55 4052 1094 4154; baseline -0.013 -21"><span class='ocrx_word' id='word_1_229' title='bbox 55 4082 121 4154; x_wconf 69' lang='lat' dir='ltr'>lue,</span> <span class='ocrx_word' id='word_1_230' title='bbox 149 4074 211 4132; x_wconf 90' lang='lat' dir='ltr'>aut</span> <span class='ocrx_word' id='word_1_231' title='bbox 227 4056 385 4149; x_wconf 86' lang='lat' dir='ltr'>dejicere</span> <span class='ocrx_word' id='word_1_232' title='bbox 401 4056 444 4130; x_wconf 80' lang='lat' dir='ltr'>sit</span> <span class='ocrx_word' id='word_1_233' title='bbox 463 4052 707 4127; x_wconf 83' lang='lat' dir='ltr'>consentiens.</span> <span class='ocrx_word' id='word_1_234' title='bbox 757 4052 904 4128; x_wconf 89' lang='lat' dir='ltr'>Diaboli</span> <span class='ocrx_word' id='word_1_235' title='bbox 919 4052 972 4127; x_wconf 79' lang='lat' dir='ltr'>eli</span> <span class='ocrx_word' id='word_1_236' title='bbox 993 4052 1028 4122; x_wconf 72' lang='lat' dir='ltr'>a</span> <span class='ocrx_word' id='word_1_237' title='bbox 1041 4055 1094 4122; x_wconf 92' lang='lat' dir='ltr'>in·</span> 
     </span>
    </p>
   </div>
   <div class='ocr_carea' id='block_1_3' title="bbox 55 4151 1110 4339">
    <p class='ocr_par' dir='ltr' id='par_1_5' title="bbox 55 4151 1110 4339">
     <span class='ocr_line' id='line_1_37' title="bbox 55 4151 1110 4339; baseline -0.002 -107"><span class='ocrx_word' id='word_1_238' title='bbox 55 4156 179 4239; x_wconf 81' lang='lat' dir='ltr'>innitar</span> <span class='ocrx_word' id='word_1_239' title='bbox 203 4161 238 4235; x_wconf 75' lang='lat' dir='ltr'>u</span> <span class='ocrx_word' id='word_1_240' title='bbox 262 4155 409 4235; x_wconf 86' lang='lat' dir='ltr'>malitia.</span> <span class='ocrx_word' id='word_1_241' title='bbox 458 4153 555 4231; x_wconf 84' lang='lat' dir='ltr'>Nam</span> <span class='ocrx_word' id='word_1_242' title='bbox 575 4151 803 4237; x_wconf 79' lang='lat' dir='ltr'>&amp;Abrabam</span> <span class='ocrx_word' id='word_1_243' title='bbox 819 4176 902 4237; x_wconf 86' lang='lat' dir='ltr'>nun</span> <span class='ocrx_word' id='word_1_244' title='bbox 914 4151 1110 4339; x_wconf 38' lang='lat' dir='ltr'>teutgaudus</span> 
     </span>
     <span class='ocr_line' id='line_1_38' title="bbox 1031 4282 1078 4337; baseline 0 0"><span class='ocrx_word' id='word_1_245' title='bbox 1031 4282 1078 4337; x_wconf 76' lang='lat' dir='ltr'>ea</span> 
     </span>
    </p>
   </div>
   <div class='ocr_carea' id='block_1_4' title="bbox 0 0 1238 4530">
    <p class='ocr_par' dir='ltr' id='par_1_6' title="bbox 0 0 1238 4530">
     <span class='ocr_line' id='line_1_39' title="bbox 0 0 1238 4530; baseline 0 0"><span class='ocrx_word' id='word_1_246' title='bbox 0 0 1238 4530; x_wconf 95' lang='lat' dir='ltr'> </span> 
     </span>
    </p>
   </div>
  </div>
 </body>
</html>
