2468 4530
44 84 51 105 s

82 488 158 581 ⁶78
224 486 274 583 Q.
300 480 435 556 Sara.
461 480 608 556 Ftoa.
633 476 1006 555 Taaruaarnnr

137 664 172 735 s.
188 645 274 719 Hoc
291 644 397 717 decet
412 663 499 738 ergo
514 642 653 733 Deum,
679 642 833 737 caligine
850 640 980 714 ludere
999 638 1119 734 suasos,

85 744 259 822 Mentiri,
284 742 406 832 nefas,
432 754 494 813 aut
509 740 690 815 hominem
708 739 743 814 se
764 740 888 814 dicere
905 737 1023 814 salsos

86 844 278 935 Portatur,
304 843 482 937 graditur,
508 838 677 931 vestitur,
702 840 772 913 rite
791 834 969 933 quiescit,'

87 942 297 1033 Tradatur,
322 942 477 1036 patitur,
503 937 743 1032 suspenditur,
771 938 808 1012 dc
824 939 1014 1033 sepelitur,

90 1042 223 1117 Omnia
239 1041 318 1113 sunt
331 1040 507 1133 hominis,
534 1060 610 1130 quae
625 1036 742 1113 sensio
761 1040 797 1111 in
816 1058 981 1135 corpore
1002 1035 1119 1113 versata

88 1140 126 1214 A
143 1142 268 1233 Patre,
294 1139 380 1212 Deo
400 1160 491 1212 vero
508 1136 647 1230 missus,
673 1140 731 1229 qui
751 1136 882 1211 cundia
900 1140 1059 1233 creavit,

89 1241 246 1331 Perfecit
264 1240 432 1333 proprie,
458 1235 540 1332 sua,
567 1259 642 1311 non
660 1239 775 1310 aliena
789 1238 996 1329 requirens.

92 1340 268 1435 Cognitus
285 1334 361 1432 ipso
381 1358 511 1431 opere,
538 1338 680 1431 populis
700 1336 927 1430 sperantibus
947 1336 1054 1433 olim,

90 1440 229 1531 Perque
248 1438 506 1533 Prophetarum
525 1459 657 1510 vocem
675 1436 871 1511 notissimus
890 1435 998 1509 orbi:

91 1538 142 1611 Et
156 1558 254 1611 nunc
270 1552 447 1611 errantem
463 1537 650 1610 manifesto
664 1539 701 1609 in
716 1538 838 1609 limine
854 1536 990 1609 mortis

90 1636 263 1735 Ignotum
281 1636 479 1711 Dominum
500 1649 682 1727 quaerunt,
709 1648 916 1727 notumque
939 1635 1119 1727 relinquun

95 1740 263 1831 Quorum
280 1734 362 1809 salsa
379 1733 488 1828 sides,
515 1735 617 1808 salsus
636 1736 756 1825 Deus,
781 1736 885 1807 irrita
904 1754 1065 1829 merces,

91 1833 190 1911 Falsa
205 1835 433 1929 resurrettio,
460 1836 586 1909 mortis
600 1835 756 1907 devidiio
773 1834 869 1913 falsa,
955 1892 958 1897 ·

92 1934 271 2027 Martyria
289 1934 323 2007 aa
338 1957 472 2027 vacua,
499 1930 838 2027 &christi'quoque
851 1956 995 2009 nomen
1014 1935 1119 2025 inane,

95 2036 215 2133 Quem
234 2037 378 2129 magicae
392 2035 530 2107 nebuhe
545 2034 689 2107 similem
710 2032 843 2106 venisse
864 2035 1067 2129 docentes,

93 2132 310 2206 Mendacem
325 2132 405 2205 fatti
426 2132 609 2205 dementes
628 2132 696 2205 eise
714 2133 893 2206 fatentur:

94 2231 345 2322 Nequidquam
364 2230 513 2330 passum,
541 2235 713 2326 populum
735 2234 804 2306 sme
824 2236 979 2307 crimine
1001 2232 1119 2308 ficium:

94 2330 154 2403 Sic
172 2349 285 2401 verax
304 2330 426 2421 Deus,
458 2332 494 2403 hi
514 2331 678 2404 Domino
695 2333 903 2405 reseruntur
918 2332 1108 2408 honores?

95 2430 180 2504 Heu
194 2427 308 2502 miseri
324 2433 430 2526 gratis
445 2430 581 2527 ingrata
598 2447 715 2504 morte
731 2434 926 2526 perempti,

59 2558 65 2566 ·
97 2530 170 2630 Qui
188 2550 286 2603 caeco
305 2529 395 2603 duce
415 2531 613 2625 praecipites
630 2532 666 2603 in
684 2530 774 2605 fossa
791 2532 927 2628 ruistis,

93 2628 147 2703 Et
163 2633 265 2703 velut
281 2630 319 2703 in
336 2627 465 2703 somnis
483 2629 633 2705 thesauri
651 2653 798 2704 munere
816 2632 923 2705 dives

95 2728 264 2817 Exultat,
291 2732 525 2821 manibusque
543 2745 666 2824 tenet,
694 2732 753 2823 spe
769 2730 863 2804 lusus
881 2731 1006 2807 inani:

96 2828 253 2921 Decepti
272 2850 420 2902 vacuam
442 2831 586 2922 speratis
603 2832 757 2905 muneris
776 2832 951 2907 umbram.

146 2931 181 3000 6.
207 2926 267 3001 Ah
283 2929 416 3019 tabidi,
434 2930 567 3020 ridius,
594 2929 778 3004 funestare
793 2930 912 3024 preda
930 2932 1112 3027 draconis,

98 3025 253 3120 Speratis
272 3050 339 3121 pro
360 3051 447 3123 pace
462 3045 582 3101 truces
602 3030 793 3103 homicidia
805 3030 952 3122 blanda,

97 3124 252 3199 Audetis
270 3129 412 3219 cuipare
430 3128 567 3219 Deum,
595 3132 653 3221 qui
670 3122 953 3203 tanta'creavit‘?

98 3223 139 3298 In
161 3228 259 3318 cujus
280 3228 406 3318 terris,
434 3229 540 3300 nimia
557 3231 692 3321 pietate
707 3229 864 3323 profusa,

98 3324 352 3419 Immemores,
378 3328 473 3422 large
492 3328 640 3402 laudatis
658 3331 752 3402 dona
768 3342 935 3423 ruentes,

99 3422 215 3518 Ipsum
233 3425 404 3499 faetorem
421 3429 643 3521 reprobatis,
671 3429 760 3503 ratu
774 3432 993 3522 probantes,

98 3521 288 3597 Artificem
303 3526 446 3617 mundi,
475 3528 623 3618 quusne
643 3550 734 3622 opus
752 3528 832 3603 estis
852 3528 885 3601 dr
903 3529 999 3622 ipsi?

101 3625 175 3722 Qui
191 3626 296 3697 nobis
312 3647 460 3719 magnos
477 3628 597 3719 parvis
617 3627 769 3701 donavit
783 3628 965 3723 honores,

100 3721 267 3797 Prosevit
287 3724 428 3821 fruges,
456 3726 616 3799 animalia
635 3728 760 3800 cundia
776 3728 931 3825 subegit,

102 3818 288 3917 Tempora
304 3826 363 3915 qui
381 3827 486 3897 certis
503 3824 685 3900 foecundat
701 3827 876 3901 menfibus
891 3830 988 3907 anni,

102 3922 306 4015 Dulcores,
332 3938 441 4017 potus
461 3926 608 4018 varios,
634 3928 837 4024 pingues&
853 3928 1006 4020 odores,

104 4022 287 4117 Jucundos
302 4023 432 4118 flores,
458 4044 717 4118 nemorumque
731 4028 941 4109 umbracula
954 4040 1070 4125 grata,

111 4119 292 4199 Mirificos
313 4124 440 4197 tribuit
457 4124 583 4199 succos
598 4128 815 4221 pubentibus
829 4127 968 4224 herbis,

1023 4228 1110 4301 Fon·
