2468 4530
141 480 189 559 16
277 482 329 584 Q.
355 477 660 559 staminea,
684 478 1054 564 Tsnruuuruur

136 778 140 783 ’
255 834 304 933 Q.
345 750 1079 914 surrrnrrrnonnnrrs

133 1068 137 1079 .
232 951 237 977 '
323 996 946 1113 -uunuunnrnut

200 1226 1140 1549 senmurum,

136 1950 261 2125 Nos
281 1942 427 2040 quiden
457 1960 578 2041 neque
604 1946 901 2043 expavescimus,
949 1966 1068 2045 neque
1086 1948 1197 2043 perti·

241 2044 428 2122 nescimus
461 2068 523 2133 ea,
555 2050 712 2140 quc-ab
743 2050 993 2145 ignorantibus
1022 2050 1197 2141 patimurs

139 2168 221 2221 curn
237 2148 281 2222 rd
291 2146 383 2220 hanc
396 2142 524 2221 seuam
562 2150 687 2239 utique
699 2147 859 2243 suscepta
872 2150 1087 2224 conditione
1103 2150 1194 2241 ejus,

136 2244 229 2342 padi
248 2246 477 2339 venerimus,
502 2259 544 2320 ut
566 2248 673 2322 ctiam
699 2250 831 2321 animas
856 2246 995 2322 nostras
1020 2244 1195 2321 rusiorati

136 2350 174 2419 in
191 2348 254 2419 has
272 2365 407 2441 pugnas
432 2345 666 2440 accedamus,
692 2368 735 2421 ea
755 2368 832 2441 quae
851 2346 953 2421 Deus
973 2347 1197 2440 repromittit

105 2496 110 2507 ·
138 2445 309 2537 consequi
332 2457 528 2537 optantes,
553 2444 587 2519 dt
608 2466 651 2519 er
668 2466 745 2537 quae
762 2445 909 2521 diversae
933 2450 1016 2520 vitu
1041 2448 1196 2521 commi·

134 2560 254 2637 natur,
270 2546 344 2639 pati
363 2545 543 2619 timentes.
592 2544 762 2636 Denique
780 2566 861 2622 curn
878 2547 978 2620 omni
990 2545 1196 2619 saevitiave·

134 2644 204 2720 stra
223 2658 498 2723 concertamus,
533 2643 641 2717 etiam
662 2647 760 2717 ultro
782 2659 1033 2739 erumpentes,
1070 2645 1193 2741 mugis-

134 2766 206 2837 que
233 2744 387 2818 damnati
408 2750 514 2834 quarn
529 2741 680 2817 absoluti
694 2744 899 2841 gaudemus.
955 2744 1080 2835 itaque
1093 2744 1194 2816 hunc

132 2844 293 2919 libellum
326 2860 403 2913 non
435 2844 544 2915 nobis
575 2844 746 2917 timentes
782 2844 963 2935 misimusi,
999 2842 1057 2913 sed
1083 2841 1194 2914 vobis

136 2942 173 3017 u
209 2942 375 3031 omnibus
405 2941 558 3014 inimicis
596 2938 755 3036 nostris,
797 2941 929 3015 nedum
958 2940 1103 3012 amicis:
1139 2942 1193 3013 itu

136 3044 231 3117 enirn
256 3038 438 3132 disciplina
464 3041 632 3133 jubemur
655 3042 801 3139 diligere
824 3041 989 3113 inimicos
1022 3056 1192 3129 quoque,

135 3141 287 3215 &orare
301 3158 368 3231 pro
383 3140 434 3211 eis
452 3142 512 3230 qui
525 3162 594 3213 nos
610 3138 885 3233 persequuntur:
910 3151 952 3209 ut
965 3136 1040 3209 hec
1053 3135 1097 3209 fit
1113 3159 1192 3230 per·

130 3238 225 3317 seda
241 3238 431 3331 &propria
445 3238 590 3313 bonitus
604 3237 736 3328 nostra,
757 3256 836 3313 non
851 3236 1064 3311 communis.
1091 3232 1192 3309 Ami·

133 3362 201 3415 cos
227 3339 323 3412 enim
345 3334 490 3435 diligere
507 3340 668 3413 omniurn
683 3336 754 3423 est,
779 3338 946 3411 inimicos
963 3352 1083 3411 curtem
1097 3334 1193 3409 solo·

129 3460 209 3513 rum
232 3434 524 3513 Christianorum.
576 3437 650 3535 Qui
672 3457 759 3533 ergo
778 3438 943 3511 dolemus
961 3436 1006 3509 de
1026 3437 1190 3532 ignoran·

129 3540 182 3612 tia
204 3534 341 3629 vestra,
373 3536 406 3608 u
431 3536 635 3611 miseremur
659 3540 792 3611 erroris
817 3536 981 3629 humani,
1015 3534 1192 3608 &futura

131 3637 392 3735 prospicimus,
419 3635 452 3708 dt
473 3635 568 3732 signa
582 3655 709 3709 eorum
727 3637 891 3730 quotidie
906 3632 1075 3709 intentari
1089 3633 1190 3707 vide·

132 3757 238 3828 mus,
256 3734 398 3809 necesse
424 3735 475 3809 cst
500 3737 562 3809 vel
587 3736 660 3809 hoc
686 3736 800 3811 modo
828 3754 1013 3827 erumpere
1038 3729 1081 3802 ad
1107 3750 1191 3823 pro·

130 3835 303 3932 ponenda
325 3835 431 3907 vobis
451 3855 518 3925 ea,
544 3855 622 3927 quae
645 3837 761 3929 palam
780 3855 858 3908 non
877 3832 985 3907 vultis
1005 3828 1138 3905 audire.

207 3957 240 4010 2.
265 3928 348 4007 Nos
372 3954 484 4009 unum
505 3932 627 4007 Deum
647 3934 821 4025 colimus,
846 3952 953 4023 quern
975 3946 1105 4002 omnes
1126 3948 1189 4001 na·

128 4036 294 4109 turaliter
312 4032 446 4105 nostis:
472 4032 516 4106 ad
538 4034 639 4125 cujus
658 4031 797 4127 fulguru
814 4031 849 4104 u
866 4031 1028 4104 tonitrua
1043 4041 1188 4101 contre-

123 4134 288 4213 miscitis:
314 4130 359 4207 cd
370 4135 471 4229 cujus
484 4128 664 4211 beneficia
675 4130 850 4235 gaudetis.
902 4124 1189 4304 Ceterordttiipst

876 4252 892 4277 ·
1001 4238 1136 4327 putas
