2400 4590
103 488 174 567 266
247 492 295 591 Q.
319 488 447 567 sm.
471 487 501 565 F
510 509 614 566 aon.
639 487 1002 565 Tuaruanrnru

99 649 324 743 defendunt,
355 650 390 724 dt
410 649 610 745 posteriora
628 649 794 725 adversus
811 652 934 743 priora
948 646 1153 743 suscipiunt.

99 750 238 847 Regula
255 763 374 825 autem
396 752 494 824 omni
513 752 566 825 rei
589 750 632 823 ab
646 750 749 824 initio
765 748 976 841 constituta,
1001 750 1040 823 in
1052 750 1155 842 prio·

98 849 217 944 ribus,
243 848 278 925 a
295 848 546 945 inposteriora
558 848 751 945 prescribit
767 851 890 944 utique
906 849 940 925 o
955 848 993 922 in
1005 849 1156 943 paucio·

100 950 211 1024 ribua.

176 1069 234 1122 21.
259 1046 390 1141 Aspice
406 1053 526 1143 itaque
543 1065 673 1143 quanta
690 1045 916 1141 praescribant
930 1047 1016 1139 tibi,
1042 1048 1175 1145 etiarn·

99 1149 137 1222 in
156 1144 357 1243 Evangelio
378 1164 461 1224 ante
482 1150 634 1245 Philippi
658 1146 977 1240 consultationem,
1010 1144 1044 1218 δι
1067 1160 1154 1223 ante

99 1268 244 1323 omnem
269 1251 611 1343 argumentationem
636 1264 744 1322 tuam.
807 1246 855 1320 Et
875 1248 911 1319 in
935 1246 1054 1339 primis
1078 1244 1154 1340 ipsa

99 1345 216 1421 statim
236 1349 398 1440 prefatio
420 1350 615 1444 Johannis,
651 1346 969 1443 evangelizatoris,
1004 1345 1152 1421 demon·

99 1445 207 1540 strat,
240 1446 324 1540 quid
345 1462 446 1522 retro
462 1448 594 1543 fuerit,
626 1450 686 1543 qui
704 1469 788 1520 caro
807 1445 885 1520 fieri
900 1445 1076 1519 habebat:
1111 1448 1156 1519 In

95 1548 253 1643 principia
268 1563 338 1619 erat
346 1550 463 1636 sermo,
496 1549 535 1627 θ’
553 1547 647 1643 sema
671 1564 740 1621 arat
758 1552 838 1643 apud
858 1550 979 1635 Deum,
1004 1544 1044 1623 (5
1060 1547 1153 1617 Deus

100 1661 170 1718 arat
184 1646 294 1736 firmo.
346 1652 411 1719 Hic
432 1666 504 1721 erat
527 1657 564 1721 in
581 1653 736 1749 principio
755 1650 837 1745 apud
858 1652 973 1725 Deum.
1033 1650 1153 1717 Omnia

96 1767 154 1843 per
170 1746 267 1843 ipsum
275 1743 369 1840 fufio
387 1754 474 1835 lunt,
486 1747 524 1827 (5
532 1752 672 1848 fineipsa
684 1746 806 1841 faidum
818 1752 857 1844 ejr'
868 1747 966 1818 nibil.
1016 1744 1155 1821 Namsa

98 1846 174 1919 haec
194 1866 272 1919 non
292 1848 392 1921 aliter
415 1852 527 1945 accipi
548 1852 655 1943 licet,
688 1870 791 1940 quam
815 1846 1000 1940 quomodo
1020 1844 1156 1939 scripta

98 1943 197 2019 sunt:
219 1944 461 2021 indubitanter
478 1951 564 2023 alius
581 1949 800 2042 ostenditur,
827 1949 886 2040 qui
901 1947 1010 2019 fuerit
1024 1967 1044 2018 a
1056 1946 1154 2040 prin·

100 2045 218 2137 cipio‚
244 2047 331 2118 alius
353 2049 445 2143 apud
464 2070 567 2142 quem
584 2051 663 2125 fuit.
713 2046 836 2121 Alium
852 2046 1049 2121 sermonem
1065 2043 1153 2135 Dei,

100 2145 206 2217 alium
228 2143 431 2240 dominum,
463 2149 549 2221 licet
573 2149 726 2223 &Deua
746 2146 879 2221 sermo:
913 2145 971 2218 sed
992 2167 1060 2237 qua
1078 2142 1154 2217 Dei

98 2238 217 2336 finus,
252 2265 328 2317 non
354 2267 422 2337 qua
447 2260 559 2340 pater.
622 2247 762 2339 Alium,
795 2268 859 2341 per
888 2268 992 2338 quem
1017 2244 1152 2337 omnia,

99 2342 227 2434 alium,
254 2364 366 2434 aquo
390 2346 520 2423 omnia.
571 2344 694 2421 Alium
718 2363 836 2421 autern
857 2343 1043 2438 quomodo
1064 2365 1153 2435 prae·

99 2441 279 2536 dicamus,
312 2441 400 2537 saepe
419 2447 491 2536 jam
512 2448 695 2521 edidimus.
755 2449 840 2547 Quo
865 2449 969 2519 alium
994 2444 1153 2516 dicamus

97 2538 236 2615 necesse
269 2540 329 2618 est.
395 2544 486 2619 Non
518 2547 670 2621 eundem
703 2559 843 2638 autem,
870 2566 946 2619 non
978 2543 1071 2634 quast
1105 2542 1155 2615 se·

100 2655 287 2736 paratum,
322 2642 548 2739 dispositione
572 2648 704 2739 alium,
737 2668 812 2719 non
837 2644 1020 2717 divisione.
1080 2642 1155 2716 Hic

103 2763 190 2837 ergo
211 2740 322 2833 fatias
356 2748 394 2842 est
425 2770 522 2833 car03
556 2768 631 2820 non
663 2745 762 2839 ipse,
798 2747 895 2836 cujus
927 2756 1003 2815 erat
1032 2742 1154 2829 sermo,

100 2843 204 2934 hujus
234 2844 347 2935 gloria
377 2843 451 2917 visa
481 2845 532 2918 est
561 2860 727 2936 tanquam
757 2845 854 2917 unici
873 2866 893 2915 a
913 2856 1041 2937 patre,
1074 2862 1153 2915 non

100 2955 267 3032 tanquam
299 2945 418 3033 patris.
481 2945 552 3017 Hic
587 2952 681 3012 unius
716 2946 816 3037 finum
846 2948 951 3037 patris
984 2938 1155 3033 diffinit,

99 3061 176 3114 non
195 3038 305 3111 smum
324 3038 422 3114 suurn
445 3054 557 3133 pater.
608 3042 780 3116 Praecedit
804 3046 916 3115 anim:
946 3047 1049 3113 Deum
1065 3066 1155 3113 nemu

98 3139 186 3209 vidit
206 3161 355 3233 unquam.
411 3140 499 3214 Inde
525 3142 586 3216 etsi
611 3166 710 3234 agnus
736 3147 802 3214 Dei
832 3145 874 3215 ab
898 3142 1063 3237 Johannc
1094 3141 1154 3214 de-

99 3238 276 3336 signatur:
307 3260 384 3312 non
400 3239 494 3332 ipse,
521 3246 618 3334 cujus
640 3240 690 3315 est
709 3241 864 3315 dilectus.
923 3240 1031 3313 Certe
1057 3239 1151 3313 filius

99 3337 173 3413 Dei
185 3335 337 3431 semper,
363 3337 510 3413 sednon
525 3340 616 3433 ipse,
638 3344 737 3434 cujus
751 3341 801 3416 est
812 3340 915 3415 finus.
967 3341 1052 3412 Hoc
1068 3361 1150 3413 eum

99 3437 302 3515 Nathanael
324 3436 437 3513 statim
461 3439 581 3534 sensit,
612 3442 701 3515 sicut
720 3442 754 3513 dc
773 3441 854 3514 alibi
870 3440 1013 3514 Petrus:
1052 3430 1104 3512 Ta
1120 3465 1152 3511 aa

92 3538 187 3634 filius
211 3542 297 3625 Dei,
332 3540 405 3612 hoc
426 3540 460 3612 ta
482 3539 555 3633 ipse
574 3540 669 3614 redte
691 3539 822 3615 sensaffe
844 3542 925 3614 illos
945 3535 1148 3630 confirmat,

100 3636 303 3713 Nathanael
324 3639 464 3731 quidem
484 3639 719 3733 respondens:
752 3647 826 3736 quia
848 3643 935 3721 dixi,
961 3642 1032 3709 vida·
1050 3655 1083 3709 aa
1091 3638 1152 3729 sud

91 3740 179 3833 ficu,
206 3740 271 3810 ideo
286 3740 391 3813 credis.
439 3739 583 3813 Petrum
596 3762 687 3813 vero
704 3742 845 3813 beatum
862 3736 1069 3832 adfirmans,
1093 3740 1152 3813 cui

98 3862 164 3908 maa
183 3863 251 3909 cara
269 3865 367 3936 neque
385 3841 514 3934 sanguis
537 3838 717 3928 νινεΙᾳΙῙεῐ,
748 3840 846 3931 quod
866 3838 900 3911 &
918 3855 1056 3931 patrem
1074 3837 1153 3915 sen·

98 3936 213 4027 serat,
238 3937 296 4011 sed
315 3952 414 4032 pater
434 3940 549 4031 quiin
569 3940 664 4011 coelia·
683 3937 743 4013 est.
800 3942 886 4037 Quo
908 3937 1003 4010 dicto
1021 3939 1152 4011 utrius·

99 4027 339 4129 quebersonae
354 4041 538 4114 constituit
551 4036 824 4127 distinctionem
852 4033 961 4110 &filii
976 4038 1012 4109 in
1029 4038 1152 4130 terris,

99 4157 206 4231 quem
221 4126 345 4213 Petrus
371 4152 570 4238 agnoverat
583 4137 657 4215 Dei
677 4136 811 4236 filium,
843 4137 1004 4235 &patris
1028 4138 1087 4308 <alui
1112 4139 1153 4215 in

986 4256 1039 4310 aaa
1052 4256 1100 4329 rs,
