<?xml version="1.0" encoding="UTF-8"?>
<!DOCTYPE html PUBLIC "-//W3C//DTD XHTML 1.0 Transitional//EN"
    "http://www.w3.org/TR/xhtml1/DTD/xhtml1-transitional.dtd">
<html xmlns="http://www.w3.org/1999/xhtml" xml:lang="en" lang="en">
 <head>
  <title>
</title>
<meta http-equiv="Content-Type" content="text/html;charset=utf-8" />
  <meta name='ocr-system' content='tesseract 3.04.00' />
  <meta name='ocr-capabilities' content='ocr_page ocr_carea ocr_par ocr_line ocrx_word'/>
</head>
<body>
  <div class='ocr_page' id='page_1' title='image "./operaomniasanct03librgoog_0083.png"; bbox 0 0 2400 4590; ppageno 0'>
   <div class='ocr_carea' id='block_1_1' title="bbox 72 566 979 679">
    <p class='ocr_par' dir='ltr' id='par_1_1' title="bbox 72 566 979 679">
     <span class='ocr_line' id='line_1_1' title="bbox 72 566 979 679; baseline -0.002 -34"><span class='ocrx_word' id='word_1_1' title='bbox 72 574 122 679; x_wconf 71' lang='lat'><strong>69</strong></span> <span class='ocrx_word' id='word_1_2' title='bbox 213 570 261 669; x_wconf 88' lang='lat' dir='ltr'><strong>Q.</strong></span> <span class='ocrx_word' id='word_1_3' title='bbox 286 567 423 645; x_wconf 76' lang='lat' dir='ltr'><strong>Suet.</strong></span> <span class='ocrx_word' id='word_1_4' title='bbox 448 566 979 657; x_wconf 76' lang='lat' dir='ltr'><strong>Fuon..Tunnuut·1nn1</strong></span> 
     </span>
    </p>
   </div>
   <div class='ocr_carea' id='block_1_2' title="bbox 69 729 1131 4399">
    <p class='ocr_par' dir='ltr' id='par_1_2' title="bbox 69 729 1131 4399">
     <span class='ocr_line' id='line_1_2' title="bbox 72 729 1125 827; baseline -0.002 -24"><span class='ocrx_word' id='word_1_5' title='bbox 72 732 181 821; x_wconf 88' lang='lat' dir='ltr'><strong>nique</strong></span> <span class='ocrx_word' id='word_1_6' title='bbox 195 729 378 827; x_wconf 85' lang='lat' dir='ltr'>prohiberi</span> <span class='ocrx_word' id='word_1_7' title='bbox 393 732 535 824; x_wconf 81' lang='lat' dir='ltr'><strong>nuptias</strong></span> <span class='ocrx_word' id='word_1_8' title='bbox 546 753 719 824; x_wconf 85' lang='lat' dir='ltr'><strong>nusquam</strong></span> <span class='ocrx_word' id='word_1_9' title='bbox 733 731 882 805; x_wconf 91' lang='lat' dir='ltr'><strong>omnino</strong></span> <span class='ocrx_word' id='word_1_10' title='bbox 896 729 1067 827; x_wconf 84' lang='lat' dir='ltr'><strong>legimus,-</strong></span> <span class='ocrx_word' id='word_1_11' title='bbox 1081 738 1125 811; x_wconf 85' lang='lat' dir='ltr'><strong>ut</strong></span> 
     </span>
     <span class='ocr_line' id='line_1_3' title="bbox 71 826 1126 923; baseline -0.002 -20"><span class='ocrx_word' id='word_1_12' title='bbox 71 832 209 903; x_wconf 91' lang='lat' dir='ltr'><strong>bonum</strong></span> <span class='ocrx_word' id='word_1_13' title='bbox 225 826 378 904; x_wconf 86' lang='lat' dir='ltr'><strong>scilieet:</strong></span> <span class='ocrx_word' id='word_1_14' title='bbox 396 832 485 923; x_wconf 45' lang='lat' dir='ltr'><strong>,quid</strong></span> <span class='ocrx_word' id='word_1_15' title='bbox 501 846 620 907; x_wconf 89' lang='lat' dir='ltr'><strong>tamen</strong></span> <span class='ocrx_word' id='word_1_16' title='bbox 637 834 740 905; x_wconf 90' lang='lat' dir='ltr'><strong>bono</strong></span> <span class='ocrx_word' id='word_1_17' title='bbox 755 828 822 905; x_wconf 92' lang='lat' dir='ltr'><strong>isto</strong></span> <span class='ocrx_word' id='word_1_18' title='bbox 836 832 962 903; x_wconf 87' lang='lat' dir='ltr'><strong>melius</strong></span> <span class='ocrx_word' id='word_1_19' title='bbox 980 828 1042 901; x_wconf 83' lang='lat' dir='ltr'><strong>sit:</strong></span> <span class='ocrx_word' id='word_1_20' title='bbox 1069 850 1126 901; x_wconf 84' lang='lat' dir='ltr'><strong>ac-</strong></span> 
     </span>
     <span class='ocr_line' id='line_1_4' title="bbox 73 928 1124 1025; baseline 0 -24"><span class='ocrx_word' id='word_1_21' title='bbox 73 928 222 1020; x_wconf 84' lang='lat' dir='ltr'><strong>cipimus</strong></span> <span class='ocrx_word' id='word_1_22' title='bbox 248 930 291 1002; x_wconf 91' lang='lat' dir='ltr'><strong>ab</strong></span> <span class='ocrx_word' id='word_1_23' title='bbox 314 928 517 1024; x_wconf 89' lang='lat' dir='ltr'><strong>Apostolo,</strong></span> <span class='ocrx_word' id='word_1_24' title='bbox 551 932 783 1025; x_wconf 80' lang='lat' dir='ltr'><strong>permittente</strong></span> <span class='ocrx_word' id='word_1_25' title='bbox 809 930 949 1021; x_wconf 87' lang='lat' dir='ltr'><strong>quidem</strong></span> <span class='ocrx_word' id='word_1_26' title='bbox 971 928 1124 1021; x_wconf 88' lang='lat' dir='ltr'><strong>nubere,</strong></span> 
     </span>
     <span class='ocr_line' id='line_1_5' title="bbox 71 1026 1124 1123; baseline -0.004 -20"><span class='ocrx_word' id='word_1_27' title='bbox 71 1026 133 1103; x_wconf 86' lang='lat' dir='ltr'><strong>sed</strong></span> <span class='ocrx_word' id='word_1_28' title='bbox 165 1026 407 1103; x_wconf 86' lang='lat' dir='ltr'><strong>abstinentiam</strong></span> <span class='ocrx_word' id='word_1_29' title='bbox 430 1032 669 1123; x_wconf 66' lang='lat' dir='ltr'><strong>praeferente:</strong></span> <span class='ocrx_word' id='word_1_30' title='bbox 703 1032 788 1103; x_wconf 90' lang='lat' dir='ltr'><strong>iliud</strong></span> <span class='ocrx_word' id='word_1_31' title='bbox 813 1042 962 1121; x_wconf 90' lang='lat' dir='ltr'><strong>propter</strong></span> <span class='ocrx_word' id='word_1_32' title='bbox 985 1027 1124 1099; x_wconf 85' lang='lat' dir='ltr'><strong>insidias</strong></span> 
     </span>
     <span class='ocr_line' id='line_1_6' title="bbox 71 1128 1126 1225; baseline 0 -26"><span class='ocrx_word' id='word_1_33' title='bbox 71 1128 333 1219; x_wconf 84' lang='lat' dir='ltr'><strong>tentationum,</strong></span> <span class='ocrx_word' id='word_1_34' title='bbox 358 1130 432 1203; x_wconf 91' lang='lat' dir='ltr'><strong>hoc</strong></span> <span class='ocrx_word' id='word_1_35' title='bbox 448 1148 597 1225; x_wconf 91' lang='lat' dir='ltr'><strong>propter</strong></span> <span class='ocrx_word' id='word_1_36' title='bbox 617 1128 788 1225; x_wconf 82' lang='lat' dir='ltr'><strong>angustias</strong></span> <span class='ocrx_word' id='word_1_37' title='bbox 808 1142 1030 1221; x_wconf 89' lang='lat' dir='ltr'><strong>temporum:</strong></span> <span class='ocrx_word' id='word_1_38' title='bbox 1056 1147 1126 1217; x_wconf 85' lang='lat' dir='ltr'><strong>qua</strong></span> 
     </span>
     <span class='ocr_line' id='line_1_7' title="bbox 72 1226 1128 1324; baseline -0.002 -26"><span class='ocrx_word' id='word_1_39' title='bbox 72 1228 212 1298; x_wconf 83' lang='lat' dir='ltr'><strong>ratione</strong></span> <span class='ocrx_word' id='word_1_40' title='bbox 230 1228 413 1319; x_wconf 79' lang='lat' dir='ltr'><strong>utriusque</strong></span> <span class='ocrx_word' id='word_1_41' title='bbox 435 1230 741 1324; x_wconf 83' lang='lat' dir='ltr'><strong>pronunciationis</strong></span> <span class='ocrx_word' id='word_1_42' title='bbox 758 1227 931 1319; x_wconf 75' lang='lat' dir='ltr'><strong>inspedia,</strong></span> <span class='ocrx_word' id='word_1_43' title='bbox 955 1226 1060 1299; x_wconf 86' lang='lat' dir='ltr'><strong>faciie</strong></span> <span class='ocrx_word' id='word_1_44' title='bbox 1074 1226 1128 1297; x_wconf 90' lang='lat' dir='ltr'><strong>di·</strong></span> 
     </span>
     <span class='ocr_line' id='line_1_8' title="bbox 72 1324 1128 1419; baseline -0.002 -20"><span class='ocrx_word' id='word_1_45' title='bbox 72 1324 261 1419; x_wconf 88' lang='lat' dir='ltr'><strong>noscitur,</strong></span> <span class='ocrx_word' id='word_1_46' title='bbox 293 1330 493 1401; x_wconf 82' lang='lat' dir='ltr'><strong>neccffitate</strong></span> <span class='ocrx_word' id='word_1_47' title='bbox 517 1330 622 1401; x_wconf 87' lang='lat' dir='ltr'><strong>nobis</strong></span> <span class='ocrx_word' id='word_1_48' title='bbox 651 1326 849 1401; x_wconf 74' lang='lat' dir='ltr'><strong>concedam</strong></span> <span class='ocrx_word' id='word_1_49' title='bbox 874 1324 943 1399; x_wconf 79' lang='lat' dir='ltr'><strong>effe</strong></span> <span class='ocrx_word' id='word_1_50' title='bbox 967 1324 1128 1399; x_wconf 88' lang='lat' dir='ltr'><strong>nubendi</strong></span> 
     </span>
     <span class='ocr_line' id='line_1_9' title="bbox 69 1422 1129 1519; baseline -0.001 -24"><span class='ocrx_word' id='word_1_51' title='bbox 69 1422 311 1519; x_wconf 86' lang='lat' dir='ltr'><strong>potestatem:</strong></span> <span class='ocrx_word' id='word_1_52' title='bbox 342 1428 437 1518; x_wconf 88' lang='lat' dir='ltr'><strong>quod</strong></span> <span class='ocrx_word' id='word_1_53' title='bbox 461 1442 577 1501; x_wconf 88' lang='lat' dir='ltr'><strong>autem</strong></span> <span class='ocrx_word' id='word_1_54' title='bbox 601 1428 780 1501; x_wconf 81' lang='lat' dir='ltr'><strong>neceffitas</strong></span> <span class='ocrx_word' id='word_1_55' title='bbox 807 1426 967 1519; x_wconf 86' lang='lat' dir='ltr'><strong>praestat,</strong></span> <span class='ocrx_word' id='word_1_56' title='bbox 1001 1424 1129 1519; x_wconf 78' lang='lat' dir='ltr'><strong>depre-</strong></span> 
     </span>
     <span class='ocr_line' id='line_1_10' title="bbox 73 1523 1129 1625; baseline -0.003 -29"><span class='ocrx_word' id='word_1_57' title='bbox 73 1525 148 1597; x_wconf 85' lang='lat' dir='ltr'><strong>ciat</strong></span> <span class='ocrx_word' id='word_1_58' title='bbox 160 1524 243 1617; x_wconf 89' lang='lat' dir='ltr'><strong>ipsa.</strong></span> <span class='ocrx_word' id='word_1_59' title='bbox 294 1525 406 1625; x_wconf 89' lang='lat' dir='ltr'><strong>Quod</strong></span> <span class='ocrx_word' id='word_1_60' title='bbox 425 1526 577 1619; x_wconf 85' lang='lat' dir='ltr'><strong>denique</strong></span> <span class='ocrx_word' id='word_1_61' title='bbox 598 1526 850 1621; x_wconf 88' lang='lat' dir='ltr'><strong>scriptumest,</strong></span> <span class='ocrx_word' id='word_1_62' title='bbox 873 1526 993 1595; x_wconf 78' lang='lat' dir='ltr'><strong>Melius</strong></span> <span class='ocrx_word' id='word_1_63' title='bbox 1010 1523 1050 1619; x_wconf 62' lang='grc' dir='ltr'><strong>ιβ</strong></span> <span class='ocrx_word' id='word_1_64' title='bbox 1064 1548 1129 1593; x_wconf 80' lang='lat' dir='ltr'><strong>nu-</strong></span> 
     </span>
     <span class='ocr_line' id='line_1_11' title="bbox 72 1622 1128 1721; baseline 0.004 -28"><span class='ocrx_word' id='word_1_65' title='bbox 72 1626 159 1695; x_wconf 75' lang='lat' dir='ltr'><strong>dere.</strong></span> <span class='ocrx_word' id='word_1_66' title='bbox 184 1650 278 1721; x_wconf 77' lang='lat' dir='ltr'><strong>quam</strong></span> <span class='ocrx_word' id='word_1_67' title='bbox 299 1630 367 1707; x_wconf 83' lang='lat' dir='ltr'><strong>uri,</strong></span> <span class='ocrx_word' id='word_1_68' title='bbox 393 1626 497 1717; x_wconf 90' lang='lat' dir='ltr'><strong>quale</strong></span> <span class='ocrx_word' id='word_1_69' title='bbox 515 1628 588 1701; x_wconf 92' lang='lat' dir='ltr'><strong>hoc</strong></span> <span class='ocrx_word' id='word_1_70' title='bbox 605 1630 738 1699; x_wconf 89' lang='lat' dir='ltr'><strong>bonum</strong></span> <span class='ocrx_word' id='word_1_71' title='bbox 755 1626 826 1717; x_wconf 84' lang='lat' dir='ltr'><strong>est,</strong></span> <span class='ocrx_word' id='word_1_72' title='bbox 853 1638 1000 1719; x_wconf 90' lang='lat' dir='ltr'><strong>orote,</strong></span> <span class='ocrx_word' id='word_1_73' title='bbox 1027 1622 1128 1715; x_wconf 81' lang='lat' dir='ltr'><strong>quod</strong></span> 
     </span>
     <span class='ocr_line' id='line_1_12' title="bbox 72 1723 1128 1817; baseline -0.004 -20"><span class='ocrx_word' id='word_1_74' title='bbox 72 1726 154 1797; x_wconf 90' lang='lat' dir='ltr'><strong>maii</strong></span> <span class='ocrx_word' id='word_1_75' title='bbox 172 1724 392 1817; x_wconf 88' lang='lat' dir='ltr'><strong>comparatio</strong></span> <span class='ocrx_word' id='word_1_76' title='bbox 406 1726 655 1801; x_wconf 72' lang='lat' dir='ltr'><strong>commendati</strong></span> <span class='ocrx_word' id='word_1_77' title='bbox 675 1726 729 1799; x_wconf 91' lang='lat' dir='ltr'><strong>Ut</strong></span> <span class='ocrx_word' id='word_1_78' title='bbox 740 1726 824 1799; x_wconf 89' lang='lat' dir='ltr'><strong>ideo</strong></span> <span class='ocrx_word' id='word_1_79' title='bbox 838 1725 963 1797; x_wconf 89' lang='lat' dir='ltr'><strong>meiius</strong></span> <span class='ocrx_word' id='word_1_80' title='bbox 975 1723 1128 1817; x_wconf 88' lang='lat' dir='ltr'><strong>nubere,</strong></span> 
     </span>
     <span class='ocr_line' id='line_1_13' title="bbox 74 1820 1129 1915; baseline 0 -20"><span class='ocrx_word' id='word_1_81' title='bbox 74 1826 156 1915; x_wconf 87' lang='lat' dir='ltr'><strong>quia</strong></span> <span class='ocrx_word' id='word_1_82' title='bbox 176 1824 330 1896; x_wconf 85' lang='lat' dir='ltr'><strong>deterius</strong></span> <span class='ocrx_word' id='word_1_83' title='bbox 349 1822 399 1897; x_wconf 89' lang='lat' dir='ltr'><strong>est</strong></span> <span class='ocrx_word' id='word_1_84' title='bbox 415 1828 478 1898; x_wconf 86' lang='lat' dir='ltr'><strong>uri.</strong></span> <span class='ocrx_word' id='word_1_85' title='bbox 531 1824 581 1899; x_wconf 88' lang='lat' dir='ltr'><strong>At</strong></span> <span class='ocrx_word' id='word_1_86' title='bbox 598 1826 692 1900; x_wconf 86' lang='lat' dir='ltr'><strong>enirn</strong></span> <span class='ocrx_word' id='word_1_87' title='bbox 706 1839 842 1915; x_wconf 91' lang='lat' dir='ltr'><strong>quanto</strong></span> <span class='ocrx_word' id='word_1_88' title='bbox 857 1824 982 1895; x_wconf 88' lang='lat' dir='ltr'><strong>meiius</strong></span> <span class='ocrx_word' id='word_1_89' title='bbox 997 1820 1048 1894; x_wconf 87' lang='lat' dir='ltr'><strong>est</strong></span> <span class='ocrx_word' id='word_1_90' title='bbox 1064 1844 1129 1895; x_wconf 86' lang='lat' dir='ltr'><strong>ne-</strong></span> 
     </span>
     <span class='ocr_line' id='line_1_14' title="bbox 75 1922 1127 2016; baseline 0.001 -22"><span class='ocrx_word' id='word_1_91' title='bbox 75 1944 146 2015; x_wconf 90' lang='lat' dir='ltr'><strong>que</strong></span> <span class='ocrx_word' id='word_1_92' title='bbox 160 1926 295 1997; x_wconf 89' lang='lat' dir='ltr'><strong>nubere</strong></span> <span class='ocrx_word' id='word_1_93' title='bbox 310 1944 427 2015; x_wconf 85' lang='lat' dir='ltr'><strong>neque</strong></span> <span class='ocrx_word' id='word_1_94' title='bbox 443 1924 525 1998; x_wconf 74' lang='lat' dir='ltr'><strong>urii</strong></span> <span class='ocrx_word' id='word_1_95' title='bbox 553 1926 622 1999; x_wconf 87' lang='lat' dir='ltr'><strong>Sed</strong></span> <span class='ocrx_word' id='word_1_96' title='bbox 643 1928 747 1998; x_wconf 89' lang='lat' dir='ltr'><strong>etiam</strong></span> <span class='ocrx_word' id='word_1_97' title='bbox 763 1926 799 1995; x_wconf 90' lang='lat' dir='ltr'><strong>in</strong></span> <span class='ocrx_word' id='word_1_98' title='bbox 820 1922 1127 2016; x_wconf 83' lang='lat' dir='ltr'><strong>persecutionibus</strong></span> 
     </span>
     <span class='ocr_line' id='line_1_15' title="bbox 73 2020 1127 2121; baseline -0.005 -25"><span class='ocrx_word' id='word_1_99' title='bbox 73 2026 198 2097; x_wconf 88' lang='lat' dir='ltr'><strong>melius</strong></span> <span class='ocrx_word' id='word_1_100' title='bbox 215 2020 265 2095; x_wconf 88' lang='lat' dir='ltr'><strong>est</strong></span> <span class='ocrx_word' id='word_1_101' title='bbox 280 2044 323 2094; x_wconf 82' lang='lat' dir='ltr'><strong>ex</strong></span> <span class='ocrx_word' id='word_1_102' title='bbox 342 2023 506 2115; x_wconf 78' lang='lat' dir='ltr'><strong>permiiiu</strong></span> <span class='ocrx_word' id='word_1_103' title='bbox 527 2024 650 2121; x_wconf 84' lang='lat' dir='ltr'><strong>fugere</strong></span> <span class='ocrx_word' id='word_1_104' title='bbox 668 2026 712 2097; x_wconf 91' lang='lat' dir='ltr'><strong>de</strong></span> <span class='ocrx_word' id='word_1_105' title='bbox 731 2023 869 2116; x_wconf 89' lang='lat' dir='ltr'><strong>oppido</strong></span> <span class='ocrx_word' id='word_1_106' title='bbox 886 2022 922 2095; x_wconf 93' lang='lat' dir='ltr'><strong>in</strong></span> <span class='ocrx_word' id='word_1_107' title='bbox 938 2020 1127 2115; x_wconf 88' lang='lat' dir='ltr'><strong>oppidum,</strong></span> 
     </span>
     <span class='ocr_line' id='line_1_16' title="bbox 76 2120 1129 2219; baseline 0 -26"><span class='ocrx_word' id='word_1_108' title='bbox 76 2144 178 2213; x_wconf 87' lang='lat' dir='ltr'><strong>quam</strong></span> <span class='ocrx_word' id='word_1_109' title='bbox 206 2120 437 2215; x_wconf 79' lang='lat' dir='ltr'><strong>compressum</strong></span> <span class='ocrx_word' id='word_1_110' title='bbox 461 2124 496 2196; x_wconf 83' lang='lat' dir='ltr'><strong>dt</strong></span> <span class='ocrx_word' id='word_1_111' title='bbox 520 2124 706 2197; x_wconf 87' lang='lat' dir='ltr'><strong>distortum</strong></span> <span class='ocrx_word' id='word_1_112' title='bbox 731 2144 888 2219; x_wconf 79' lang='lat' dir='ltr'><strong>negare:</strong></span> <span class='ocrx_word' id='word_1_113' title='bbox 924 2134 1031 2209; x_wconf 89' lang='lat' dir='ltr'><strong>atque</strong></span> <span class='ocrx_word' id='word_1_114' title='bbox 1056 2120 1129 2193; x_wconf 87' lang='lat' dir='ltr'><strong>isto</strong></span> 
     </span>
     <span class='ocr_line' id='line_1_17' title="bbox 74 2218 1130 2318; baseline 0 -25"><span class='ocrx_word' id='word_1_115' title='bbox 74 2222 178 2293; x_wconf 86' lang='lat' dir='ltr'><strong>beata</strong></span> <span class='ocrx_word' id='word_1_116' title='bbox 192 2220 252 2295; x_wconf 91' lang='lat' dir='ltr'><strong>est.</strong></span> <span class='ocrx_word' id='word_1_117' title='bbox 304 2218 448 2294; x_wconf 88' lang='lat' dir='ltr'><strong>ldemve</strong></span> <span class='ocrx_word' id='word_1_118' title='bbox 466 2224 525 2313; x_wconf 84' lang='lat' dir='ltr'><strong>qui</strong></span> <span class='ocrx_word' id='word_1_119' title='bbox 540 2238 692 2318; x_wconf 86' lang='lat' dir='ltr'><strong>negent,</strong></span> <span class='ocrx_word' id='word_1_120' title='bbox 717 2224 811 2295; x_wconf 90' lang='lat' dir='ltr'><strong>beati</strong></span> <span class='ocrx_word' id='word_1_121' title='bbox 830 2220 1021 2294; x_wconf 90' lang='lat' dir='ltr'><strong>testimonii</strong></span> <span class='ocrx_word' id='word_1_122' title='bbox 1041 2242 1130 2293; x_wconf 91' lang='lat' dir='ltr'><strong>con-</strong></span> 
     </span>
     <span class='ocr_line' id='line_1_18' title="bbox 73 2320 1131 2414; baseline -0.002 -21"><span class='ocrx_word' id='word_1_123' title='bbox 73 2320 220 2393; x_wconf 84' lang='lat' dir='ltr'><strong>feffione</strong></span> <span class='ocrx_word' id='word_1_124' title='bbox 238 2320 415 2397; x_wconf 86' lang='lat' dir='ltr'><strong>excidere.</strong></span> <span class='ocrx_word' id='word_1_125' title='bbox 465 2322 606 2397; x_wconf 79' lang='lat' dir='ltr'><strong>Possum</strong></span> <span class='ocrx_word' id='word_1_126' title='bbox 625 2324 765 2414; x_wconf 83' lang='lat' dir='ltr'><strong>dicere,</strong></span> <span class='ocrx_word' id='word_1_127' title='bbox 792 2320 889 2413; x_wconf 90' lang='lat' dir='ltr'><strong>quod</strong></span> <span class='ocrx_word' id='word_1_128' title='bbox 908 2320 1131 2411; x_wconf 88' lang='lat' dir='ltr'><strong>permittitur</strong></span> 
     </span>
     <span class='ocr_line' id='line_1_19' title="bbox 73 2417 1128 2513; baseline 0 -22"><span class='ocrx_word' id='word_1_129' title='bbox 73 2440 150 2491; x_wconf 93' lang='lat' dir='ltr'><strong>non</strong></span> <span class='ocrx_word' id='word_1_130' title='bbox 173 2417 223 2491; x_wconf 90' lang='lat' dir='ltr'><strong>est</strong></span> <span class='ocrx_word' id='word_1_131' title='bbox 242 2422 399 2513; x_wconf 91' lang='lat' dir='ltr'><strong>bonum,</strong></span> <span class='ocrx_word' id='word_1_132' title='bbox 426 2422 508 2513; x_wconf 91' lang='lat' dir='ltr'><strong>quid</strong></span> <span class='ocrx_word' id='word_1_133' title='bbox 523 2422 642 2495; x_wconf 71' lang='lat' dir='ltr'><strong>enim?</strong></span> <span class='ocrx_word' id='word_1_134' title='bbox 675 2420 828 2493; x_wconf 86' lang='lat' dir='ltr'><strong>Necoffe</strong></span> <span class='ocrx_word' id='word_1_135' title='bbox 848 2420 899 2493; x_wconf 89' lang='lat' dir='ltr'><strong>est</strong></span> <span class='ocrx_word' id='word_1_136' title='bbox 913 2420 1005 2491; x_wconf 84' lang='lat' dir='ltr'><strong>niori</strong></span> <span class='ocrx_word' id='word_1_137' title='bbox 1021 2420 1128 2491; x_wconf 91' lang='lat' dir='ltr'><strong>mihi:</strong></span> 
     </span>
     <span class='ocr_line' id='line_1_20' title="bbox 73 2516 1130 2613; baseline -0.001 -21"><span class='ocrx_word' id='word_1_138' title='bbox 73 2518 238 2611; x_wconf 81' lang='lat' dir='ltr'><strong>srpIoro:</strong></span> <span class='ocrx_word' id='word_1_139' title='bbox 265 2522 400 2593; x_wconf 88' lang='lat' dir='ltr'><strong>bonum</strong></span> <span class='ocrx_word' id='word_1_140' title='bbox 416 2522 484 2613; x_wconf 87' lang='lat' dir='ltr'><strong>est,</strong></span> <span class='ocrx_word' id='word_1_141' title='bbox 508 2523 679 2613; x_wconf 82' lang='lat' dir='ltr'><strong>sitimeo,</strong></span> <span class='ocrx_word' id='word_1_142' title='bbox 703 2520 798 2613; x_wconf 88' lang='lat' dir='ltr'><strong>quod</strong></span> <span class='ocrx_word' id='word_1_143' title='bbox 812 2520 1052 2612; x_wconf 90' lang='lat' dir='ltr'><strong>permittitur,</strong></span> <span class='ocrx_word' id='word_1_144' title='bbox 1076 2516 1130 2591; x_wconf 85' lang='lat' dir='ltr'><strong>su·</strong></span> 
     </span>
     <span class='ocr_line' id='line_1_21' title="bbox 73 2616 1129 2713; baseline -0.004 -18"><span class='ocrx_word' id='word_1_145' title='bbox 73 2616 222 2713; x_wconf 72' lang='lat' dir='ltr'><strong>speiiam</strong></span> <span class='ocrx_word' id='word_1_146' title='bbox 240 2620 346 2692; x_wconf 89' lang='lat' dir='ltr'><strong>habet</strong></span> <span class='ocrx_word' id='word_1_147' title='bbox 365 2622 596 2713; x_wconf 77' lang='lat' dir='ltr'><strong>permissionis</strong></span> <span class='ocrx_word' id='word_1_148' title='bbox 612 2622 680 2695; x_wconf 85' lang='lat' dir='ltr'><strong>suae</strong></span> <span class='ocrx_word' id='word_1_149' title='bbox 702 2618 868 2692; x_wconf 81' lang='lat' dir='ltr'><strong>caussam:</strong></span> <span class='ocrx_word' id='word_1_150' title='bbox 894 2618 990 2709; x_wconf 91' lang='lat' dir='ltr'><strong>quod</strong></span> <span class='ocrx_word' id='word_1_151' title='bbox 1008 2632 1129 2691; x_wconf 88' lang='lat' dir='ltr'><strong>autem</strong></span> 
     </span>
     <span class='ocr_line' id='line_1_22' title="bbox 72 2714 1127 2815; baseline -0.002 -22"><span class='ocrx_word' id='word_1_152' title='bbox 72 2716 198 2793; x_wconf 87' lang='lat' dir='ltr'><strong>melius</strong></span> <span class='ocrx_word' id='word_1_153' title='bbox 216 2718 285 2811; x_wconf 90' lang='lat' dir='ltr'><strong>est,</strong></span> <span class='ocrx_word' id='word_1_154' title='bbox 309 2742 417 2795; x_wconf 80' lang='lat' dir='ltr'><strong>tremo</strong></span> <span class='ocrx_word' id='word_1_155' title='bbox 431 2722 607 2815; x_wconf 83' lang='lat' dir='ltr'><strong>permifit,</strong></span> <span class='ocrx_word' id='word_1_156' title='bbox 626 2735 669 2794; x_wconf 90' lang='lat' dir='ltr'><strong>ut</strong></span> <span class='ocrx_word' id='word_1_157' title='bbox 685 2718 921 2793; x_wconf 89' lang='lat' dir='ltr'><strong>indubitatum</strong></span> <span class='ocrx_word' id='word_1_158' title='bbox 938 2716 972 2787; x_wconf 80' lang='lat' dir='ltr'><strong>dt</strong></span> <span class='ocrx_word' id='word_1_159' title='bbox 987 2714 1046 2788; x_wconf 86' lang='lat' dir='ltr'><strong>sua</strong></span> <span class='ocrx_word' id='word_1_160' title='bbox 1063 2716 1127 2791; x_wconf 81' lang='lat' dir='ltr'><strong>sin-</strong></span> 
     </span>
     <span class='ocr_line' id='line_1_23' title="bbox 75 2814 1129 2913; baseline -0.001 -24"><span class='ocrx_word' id='word_1_161' title='bbox 75 2816 223 2890; x_wconf 89' lang='lat' dir='ltr'><strong>ceritate</strong></span> <span class='ocrx_word' id='word_1_162' title='bbox 238 2818 468 2896; x_wconf 87' lang='lat' dir='ltr'><strong>manifestum.</strong></span> <span class='ocrx_word' id='word_1_163' title='bbox 517 2820 605 2894; x_wconf 93' lang='lat' dir='ltr'><strong>Non</strong></span> <span class='ocrx_word' id='word_1_164' title='bbox 622 2836 815 2912; x_wconf 86' lang='lat' dir='ltr'><strong>propterea</strong></span> <span class='ocrx_word' id='word_1_165' title='bbox 830 2816 1029 2913; x_wconf 87' lang='lat' dir='ltr'><strong>appetenda</strong></span> <span class='ocrx_word' id='word_1_166' title='bbox 1047 2814 1129 2889; x_wconf 86' lang='lat' dir='ltr'><strong>sunt</strong></span> 
     </span>
     <span class='ocr_line' id='line_1_24' title="bbox 75 2916 1125 3010; baseline 0.003 -24"><span class='ocrx_word' id='word_1_167' title='bbox 75 2916 251 3009; x_wconf 77' lang='lat' dir='ltr'><strong>quaedam,</strong></span> <span class='ocrx_word' id='word_1_168' title='bbox 278 2920 455 3010; x_wconf 87' lang='lat' dir='ltr'><strong>quianon</strong></span> <span class='ocrx_word' id='word_1_169' title='bbox 473 2934 663 3009; x_wconf 88' lang='lat' dir='ltr'><strong>vetantur,</strong></span> <span class='ocrx_word' id='word_1_170' title='bbox 691 2920 752 2990; x_wconf 83' lang='lat' dir='ltr'><strong>etsi</strong></span> <span class='ocrx_word' id='word_1_171' title='bbox 774 2916 1040 3009; x_wconf 89' lang='lat' dir='ltr'><strong>quodammodo</strong></span> <span class='ocrx_word' id='word_1_172' title='bbox 1063 2938 1125 2989; x_wconf 86' lang='lat' dir='ltr'><strong>ve·</strong></span> 
     </span>
     <span class='ocr_line' id='line_1_25' title="bbox 72 3015 1127 3111; baseline -0.002 -22"><span class='ocrx_word' id='word_1_173' title='bbox 72 3027 217 3107; x_wconf 86' lang='lat' dir='ltr'><strong>tantur,</strong></span> <span class='ocrx_word' id='word_1_174' title='bbox 243 3038 322 3089; x_wconf 89' lang='lat' dir='ltr'><strong>cum</strong></span> <span class='ocrx_word' id='word_1_175' title='bbox 339 3018 406 3089; x_wconf 89' lang='lat' dir='ltr'><strong>aiia</strong></span> <span class='ocrx_word' id='word_1_176' title='bbox 420 3020 486 3091; x_wconf 91' lang='lat' dir='ltr'><strong>iilis</strong></span> <span class='ocrx_word' id='word_1_177' title='bbox 505 3018 757 3111; x_wconf 80' lang='lat' dir='ltr'><strong>praeferuntur:</strong></span> <span class='ocrx_word' id='word_1_178' title='bbox 787 3017 948 3108; x_wconf 88' lang='lat' dir='ltr'><strong>praelatio</strong></span> <span class='ocrx_word' id='word_1_179' title='bbox 965 3016 1061 3087; x_wconf 88' lang='lat' dir='ltr'><strong>enim</strong></span> <span class='ocrx_word' id='word_1_180' title='bbox 1074 3015 1127 3087; x_wconf 90' lang='lat' dir='ltr'><strong>su·</strong></span> 
     </span>
     <span class='ocr_line' id='line_1_26' title="bbox 72 3114 1128 3211; baseline -0.002 -22"><span class='ocrx_word' id='word_1_181' title='bbox 72 3116 196 3211; x_wconf 88' lang='lat' dir='ltr'><strong>perior</strong></span> <span class='ocrx_word' id='word_1_182' title='bbox 213 3114 376 3188; x_wconf 85' lang='lat' dir='ltr'><strong>dissuasio</strong></span> <span class='ocrx_word' id='word_1_183' title='bbox 399 3114 448 3189; x_wconf 89' lang='lat' dir='ltr'><strong>est</strong></span> <span class='ocrx_word' id='word_1_184' title='bbox 468 3114 698 3191; x_wconf 84' lang='lat' dir='ltr'><strong>infirmorum.</strong></span> <span class='ocrx_word' id='word_1_185' title='bbox 749 3114 838 3187; x_wconf 93' lang='lat' dir='ltr'><strong>Non</strong></span> <span class='ocrx_word' id='word_1_186' title='bbox 857 3116 941 3187; x_wconf 88' lang='lat' dir='ltr'><strong>ideo</strong></span> <span class='ocrx_word' id='word_1_187' title='bbox 959 3114 1044 3205; x_wconf 87' lang='lat' dir='ltr'><strong>quid</strong></span> <span class='ocrx_word' id='word_1_188' title='bbox 1061 3116 1128 3187; x_wconf 84' lang='lat' dir='ltr'><strong>bo·</strong></span> 
     </span>
     <span class='ocr_line' id='line_1_27' title="bbox 72 3212 1126 3307; baseline 0 -20"><span class='ocrx_word' id='word_1_189' title='bbox 72 3236 159 3287; x_wconf 90' lang='lat' dir='ltr'><strong>num</strong></span> <span class='ocrx_word' id='word_1_190' title='bbox 178 3212 249 3307; x_wconf 91' lang='lat' dir='ltr'><strong>est,</strong></span> <span class='ocrx_word' id='word_1_191' title='bbox 275 3216 355 3305; x_wconf 86' lang='lat' dir='ltr'><strong>quia</strong></span> <span class='ocrx_word' id='word_1_192' title='bbox 375 3217 505 3291; x_wconf 89' lang='lat' dir='ltr'><strong>maium</strong></span> <span class='ocrx_word' id='word_1_193' title='bbox 520 3239 596 3291; x_wconf 90' lang='lat' dir='ltr'><strong>non</strong></span> <span class='ocrx_word' id='word_1_194' title='bbox 613 3215 681 3289; x_wconf 90' lang='lat' dir='ltr'><strong>est:</strong></span> <span class='ocrx_word' id='word_1_195' title='bbox 709 3235 778 3286; x_wconf 89' lang='lat' dir='ltr'><strong>nec</strong></span> <span class='ocrx_word' id='word_1_196' title='bbox 798 3214 882 3287; x_wconf 90' lang='lat' dir='ltr'><strong>ideo</strong></span> <span class='ocrx_word' id='word_1_197' title='bbox 902 3217 1030 3287; x_wconf 88' lang='lat' dir='ltr'><strong>malum</strong></span> <span class='ocrx_word' id='word_1_198' title='bbox 1047 3235 1126 3287; x_wconf 89' lang='lat' dir='ltr'><strong>non</strong></span> 
     </span>
     <span class='ocr_line' id='line_1_28' title="bbox 74 3312 1128 3409; baseline 0.001 -24"><span class='ocrx_word' id='word_1_199' title='bbox 74 3312 150 3405; x_wconf 89' lang='lat' dir='ltr'><strong>est,</strong></span> <span class='ocrx_word' id='word_1_200' title='bbox 176 3312 346 3407; x_wconf 92' lang='lat' dir='ltr'><strong>quianon</strong></span> <span class='ocrx_word' id='word_1_201' title='bbox 361 3314 474 3390; x_wconf 87' lang='lat' dir='ltr'><strong>obest.</strong></span> <span class='ocrx_word' id='word_1_202' title='bbox 524 3316 640 3389; x_wconf 90' lang='lat' dir='ltr'><strong>Porro</strong></span> <span class='ocrx_word' id='word_1_203' title='bbox 659 3318 763 3409; x_wconf 87' lang='lat' dir='ltr'><strong>plene</strong></span> <span class='ocrx_word' id='word_1_204' title='bbox 780 3314 917 3388; x_wconf 87' lang='lat' dir='ltr'><strong>bonurn</strong></span> <span class='ocrx_word' id='word_1_205' title='bbox 939 3315 1011 3385; x_wconf 88' lang='lat' dir='ltr'><strong>hoc</strong></span> <span class='ocrx_word' id='word_1_206' title='bbox 1029 3328 1128 3386; x_wconf 86' lang='lat' dir='ltr'><strong>ante·</strong></span> 
     </span>
     <span class='ocr_line' id='line_1_29' title="bbox 74 3410 1129 3505; baseline 0 -20"><span class='ocrx_word' id='word_1_207' title='bbox 74 3414 209 3503; x_wconf 89' lang='lat' dir='ltr'><strong>cedet,</strong></span> <span class='ocrx_word' id='word_1_208' title='bbox 246 3412 343 3503; x_wconf 80' lang='lat' dir='ltr'><strong>qiiod</strong></span> <span class='ocrx_word' id='word_1_209' title='bbox 369 3434 446 3485; x_wconf 92' lang='lat' dir='ltr'><strong>non</strong></span> <span class='ocrx_word' id='word_1_210' title='bbox 476 3416 588 3489; x_wconf 92' lang='lat' dir='ltr'><strong>modo</strong></span> <span class='ocrx_word' id='word_1_211' title='bbox 621 3437 696 3487; x_wconf 90' lang='lat' dir='ltr'><strong>non</strong></span> <span class='ocrx_word' id='word_1_212' title='bbox 729 3412 859 3505; x_wconf 89' lang='lat' dir='ltr'><strong>obest,</strong></span> <span class='ocrx_word' id='word_1_213' title='bbox 896 3412 954 3485; x_wconf 88' lang='lat' dir='ltr'><strong>sed</strong></span> <span class='ocrx_word' id='word_1_214' title='bbox 984 3410 1129 3504; x_wconf 88' lang='lat' dir='ltr'><strong>insuper</strong></span> 
     </span>
     <span class='ocr_line' id='line_1_30' title="bbox 73 3510 1127 3607; baseline 0.004 -26"><span class='ocrx_word' id='word_1_215' title='bbox 73 3511 228 3607; x_wconf 86' lang='lat' dir='ltr'><strong>prodest.</strong></span> <span class='ocrx_word' id='word_1_216' title='bbox 278 3510 443 3601; x_wconf 85' lang='lat' dir='ltr'><strong>Namque</strong></span> <span class='ocrx_word' id='word_1_217' title='bbox 456 3518 559 3587; x_wconf 90' lang='lat' dir='ltr'><strong>maile</strong></span> <span class='ocrx_word' id='word_1_218' title='bbox 572 3516 700 3602; x_wconf 88' lang='lat' dir='ltr'><strong>debes,</strong></span> <span class='ocrx_word' id='word_1_219' title='bbox 727 3514 823 3605; x_wconf 88' lang='lat' dir='ltr'><strong>quod</strong></span> <span class='ocrx_word' id='word_1_220' title='bbox 838 3512 1000 3605; x_wconf 89' lang='lat' dir='ltr'><strong>prodest,</strong></span> <span class='ocrx_word' id='word_1_221' title='bbox 1021 3532 1127 3602; x_wconf 75' lang='lat' dir='ltr'><strong>quam</strong></span> 
     </span>
     <span class='ocr_line' id='line_1_31' title="bbox 74 3608 1126 3705; baseline 0.002 -24"><span class='ocrx_word' id='word_1_222' title='bbox 74 3611 172 3703; x_wconf 89' lang='lat' dir='ltr'><strong>quod</strong></span> <span class='ocrx_word' id='word_1_223' title='bbox 186 3632 263 3681; x_wconf 90' lang='lat' dir='ltr'><strong>non</strong></span> <span class='ocrx_word' id='word_1_224' title='bbox 279 3608 389 3682; x_wconf 89' lang='lat' dir='ltr'><strong>obest.</strong></span> <span class='ocrx_word' id='word_1_225' title='bbox 442 3610 501 3684; x_wconf 85' lang='lat' dir='ltr'><strong>Ad</strong></span> <span class='ocrx_word' id='word_1_226' title='bbox 519 3616 670 3705; x_wconf 90' lang='lat' dir='ltr'><strong>primum</strong></span> <span class='ocrx_word' id='word_1_227' title='bbox 693 3616 787 3686; x_wconf 86' lang='lat' dir='ltr'><strong>enirn</strong></span> <span class='ocrx_word' id='word_1_228' title='bbox 806 3615 927 3685; x_wconf 89' lang='lat' dir='ltr'><strong>iocum</strong></span> <span class='ocrx_word' id='word_1_229' title='bbox 943 3624 1126 3683; x_wconf 87' lang='lat' dir='ltr'><strong>certarnen</strong></span> 
     </span>
     <span class='ocr_line' id='line_1_32' title="bbox 75 3706 1129 3801; baseline 0.001 -18"><span class='ocrx_word' id='word_1_230' title='bbox 75 3731 181 3783; x_wconf 87' lang='lat' dir='ltr'><strong>omne</strong></span> <span class='ocrx_word' id='word_1_231' title='bbox 198 3708 403 3781; x_wconf 86' lang='lat' dir='ltr'><strong>contendit:</strong></span> <span class='ocrx_word' id='word_1_232' title='bbox 428 3706 600 3784; x_wconf 87' lang='lat' dir='ltr'><strong>secundus</strong></span> <span class='ocrx_word' id='word_1_233' title='bbox 618 3712 778 3785; x_wconf 80' lang='lat' dir='ltr'><strong>solatium</strong></span> <span class='ocrx_word' id='word_1_234' title='bbox 799 3713 920 3801; x_wconf 90' lang='lat' dir='ltr'><strong>habet,</strong></span> <span class='ocrx_word' id='word_1_235' title='bbox 938 3710 1129 3784; x_wconf 75' lang='lat' dir='ltr'><strong>victoriam</strong></span> 
     </span>
     <span class='ocr_line' id='line_1_33' title="bbox 72 3808 1128 3905; baseline -0.003 -21"><span class='ocrx_word' id='word_1_236' title='bbox 72 3808 287 3884; x_wconf 88' lang='lat' dir='ltr'><strong>nonhabet.</strong></span> <span class='ocrx_word' id='word_1_237' title='bbox 345 3810 499 3905; x_wconf 86' lang='lat' dir='ltr'><strong>Quodsi</strong></span> <span class='ocrx_word' id='word_1_238' title='bbox 523 3812 703 3905; x_wconf 88' lang='lat' dir='ltr'><strong>Apostoio</strong></span> <span class='ocrx_word' id='word_1_239' title='bbox 730 3808 982 3903; x_wconf 83' lang='lat' dir='ltr'><strong>auscultamus,</strong></span> <span class='ocrx_word' id='word_1_240' title='bbox 1019 3808 1128 3881; x_wconf 89' lang='lat' dir='ltr'><strong>obliti</strong></span> 
     </span>
     <span class='ocr_line' id='line_1_34' title="bbox 73 3904 1131 4005; baseline 0.002 -26"><span class='ocrx_word' id='word_1_241' title='bbox 73 3904 331 4005; x_wconf 84' lang='lat' dir='ltr'><strong>posteriorum,</strong></span> <span class='ocrx_word' id='word_1_242' title='bbox 353 3908 586 3983; x_wconf 80' lang='lat' dir='ltr'><strong>extendamur</strong></span> <span class='ocrx_word' id='word_1_243' title='bbox 599 3912 635 3983; x_wconf 90' lang='lat' dir='ltr'><strong>in</strong></span> <span class='ocrx_word' id='word_1_244' title='bbox 650 3912 789 4003; x_wconf 85' lang='lat' dir='ltr'><strong>priora,</strong></span> <span class='ocrx_word' id='word_1_245' title='bbox 812 3910 1047 3983; x_wconf 82' lang='lat' dir='ltr'><strong>&amp;meliorum</strong></span> <span class='ocrx_word' id='word_1_246' title='bbox 1063 3908 1131 3981; x_wconf 90' lang='lat' dir='ltr'><strong>do·</strong></span> 
     </span>
     <span class='ocr_line' id='line_1_35' title="bbox 73 4002 1129 4099; baseline 0.002 -20"><span class='ocrx_word' id='word_1_247' title='bbox 73 4006 258 4079; x_wconf 89' lang='lat' dir='ltr'><strong>nationum</strong></span> <span class='ocrx_word' id='word_1_248' title='bbox 274 4002 462 4077; x_wconf 69' lang='lat' dir='ltr'><strong>sedtatores</strong></span> <span class='ocrx_word' id='word_1_249' title='bbox 476 4008 590 4082; x_wconf 86' lang='lat' dir='ltr'><strong>sunus.</strong></span> <span class='ocrx_word' id='word_1_250' title='bbox 623 4008 658 4081; x_wconf 86' lang='lat' dir='ltr'><strong>Si</strong></span> <span class='ocrx_word' id='word_1_251' title='bbox 675 4010 779 4083; x_wconf 91' lang='lat' dir='ltr'><strong>nobis</strong></span> <span class='ocrx_word' id='word_1_252' title='bbox 794 4010 958 4099; x_wconf 87' lang='lat' dir='ltr'><strong>laqueum</strong></span> <span class='ocrx_word' id='word_1_253' title='bbox 973 4029 1049 4083; x_wconf 91' lang='lat' dir='ltr'><strong>non</strong></span> <span class='ocrx_word' id='word_1_254' title='bbox 1064 4008 1129 4081; x_wconf 84' lang='lat' dir='ltr'><strong>irn-</strong></span> 
     </span>
     <span class='ocr_line' id='line_1_36' title="bbox 72 4102 1128 4203; baseline 0.009 -30"><span class='ocrx_word' id='word_1_255' title='bbox 72 4104 195 4199; x_wconf 87' lang='lat' dir='ltr'><strong>ponit,</strong></span> <span class='ocrx_word' id='word_1_256' title='bbox 221 4102 303 4193; x_wconf 93' lang='lat' dir='ltr'><strong>quid</strong></span> <span class='ocrx_word' id='word_1_257' title='bbox 328 4105 489 4179; x_wconf 88' lang='lat' dir='ltr'><strong>utilitatis</strong></span> <span class='ocrx_word' id='word_1_258' title='bbox 509 4107 572 4200; x_wconf 89' lang='lat' dir='ltr'><strong>iit,</strong></span> <span class='ocrx_word' id='word_1_259' title='bbox 599 4107 775 4202; x_wconf 87' lang='lat' dir='ltr'><strong>ostendit,</strong></span> <span class='ocrx_word' id='word_1_260' title='bbox 802 4108 945 4181; x_wconf 85' lang='lat' dir='ltr'><strong>dicens:</strong></span> <span class='ocrx_word' id='word_1_261' title='bbox 981 4112 1128 4203; x_wconf 81' lang='lat' dir='ltr'><strong>innupte</strong></span> 
     </span>
     <span class='ocr_line' id='line_1_37' title="bbox 71 4206 1129 4312; baseline 0.009 -39"><span class='ocrx_word' id='word_1_262' title='bbox 71 4212 107 4275; x_wconf 79' lang='lat' dir='ltr'><strong>de</strong></span> <span class='ocrx_word' id='word_1_263' title='bbox 123 4206 284 4275; x_wconf 82' lang='lat' dir='ltr'><strong>dominicis</strong></span> <span class='ocrx_word' id='word_1_264' title='bbox 297 4207 424 4297; x_wconf 71' lang='lat' dir='ltr'><strong>cogitat,</strong></span> <span class='ocrx_word' id='word_1_265' title='bbox 435 4212 485 4277; x_wconf 82' lang='lat' dir='ltr'><strong>un·</strong></span> <span class='ocrx_word' id='word_1_266' title='bbox 498 4228 617 4307; x_wconf 77' lang='lat' dir='ltr'><strong>corpore</strong></span> <span class='ocrx_word' id='word_1_267' title='bbox 631 4214 668 4287; x_wconf 72' lang='lat'><strong>(5</strong></span> <span class='ocrx_word' id='word_1_268' title='bbox 674 4215 794 4312; x_wconf 73' lang='lat' dir='ltr'><strong>lpiriru</strong></span> <span class='ocrx_word' id='word_1_269' title='bbox 805 4208 916 4299; x_wconf 71' lang='lat' dir='ltr'><strong>[antia</strong></span> <span class='ocrx_word' id='word_1_270' title='bbox 924 4208 976 4307; x_wconf 78' lang='lat' dir='ltr'><strong>fit.</strong></span> <span class='ocrx_word' id='word_1_271' title='bbox 1010 4210 1129 4307; x_wconf 71' lang='lat' dir='ltr'><strong>Nupta</strong></span> 
     </span>
     <span class='ocr_line' id='line_1_38' title="bbox 987 4332 1076 4399; baseline -0.045 -16"><span class='ocrx_word' id='word_1_272' title='bbox 987 4332 1076 4399; x_wconf 79' lang='lat' dir='ltr'><strong>uero,</strong></span> 
     </span>
    </p>
   </div>
   <div class='ocr_carea' id='block_1_3' title="bbox 0 0 1206 4590">
    <p class='ocr_par' dir='ltr' id='par_1_3' title="bbox 0 0 1206 4590">
     <span class='ocr_line' id='line_1_39' title="bbox 0 0 1206 4590; baseline 0 0"><span class='ocrx_word' id='word_1_273' title='bbox 0 0 1206 4590; x_wconf 95' lang='lat' dir='ltr'><strong> </strong></span> 
     </span>
    </p>
   </div>
   <div class='ocr_carea' id='block_1_4' title="bbox 395 4490 445 4512">
    <p class='ocr_par' dir='ltr' id='par_1_4' title="bbox 395 4490 445 4512">
     <span class='ocr_line' id='line_1_40' title="bbox 395 4490 445 4512; baseline 0 0"><span class='ocrx_word' id='word_1_274' title='bbox 395 4490 445 4512; x_wconf 43' lang='grc' dir='ltr'><strong>ἢ.</strong></span> 
     </span>
    </p>
   </div>
  </div>
 </body>
</html>
