2400 4590
319 450 860 559 uePnrreurrn.
1069 466 1115 561 ῃ

45 608 227 707 repleris?
257 608 438 689 Caeterum
456 614 675 707 impatientia
689 614 726 687 in
739 614 961 711 huiusmodi,
988 614 1114 712 &spei

45 714 163 787 nostrae
189 712 292 785 male
318 713 516 805 ominatur,
550 714 583 787 dt
606 710 711 788 fidem
736 717 1000 809 praevaricatur.
1060 714 1114 793 Et

46 812 222 887 Christum
240 810 401 885 laedimus
417 834 497 885 cum
510 828 687 887 evocatos
702 836 866 907 quosque
881 818 925 889 ab
939 818 1002 889 illo
1015 818 1110 911 quali

45 912 265 987 mserandos
284 931 363 985 non
389 914 628 1003 equanimiter
652 915 852 1007 accipimus.
919 920 1033 1011 Cupio,
1057 920 1112 991 in·

44 1014 109 1105 quit
123 1008 363 1107 Apostolus,
384 1017 477 1109 recipi
482 1016 550 1109 jam
563 1013 603 1091 ὅ
614 1012 671 1103 effe
691 1038 760 1081 cum
775 1020 906 1085 domiuo.
959 1018 1110 1115 Quanto

43 1114 161 1187 melius
182 1110 349 1185 ostendit
365 1128 496 1186 votum
512 1110 830 1187 Christianorum?
859 1112 956 1211 Ergo
980 1127 1112 1199 votum

43 1212 177 1285 fialios
203 1208 425 1285 consecutos
443 1212 670 1307 impatienter
692 1214 879 1308 dolemus,
903 1214 965 1309 ipli
984 1208 1116 1289 cdnse··

45 1312 94 1405 qui
113 1314 310 1385 nolumus.

112 1430 174 1487 ιο.
203 1406 319 1483 Est&
334 1410 421 1483 alius
438 1406 588 1487 summus
609 1411 837 1509 impatientiae
852 1410 1032 1505 stimulus,
1052 1414 1108 1489 ul·

44 1509 145 1585 tionis
165 1508 313 1602 libido,
338 1512 522 1607 negotium
540 1531 665 1585 curans
680 1526 742 1585 aut
760 1514 906 1607 glorie,
933 1526 994 1584 aut
1010 1514 1109 1586 mali·

43 1612 103 1689 tie
156 1610 236 1683 Sed
253 1608 287 1680 dt
300 1610 549 1705 gloriautique
563 1632 678 1705 vana,
705 1612 903 1705 (emelina,
924 1626 1112 1703 nunquam

42 1730 111 1783 non
129 1710 291 1783 domino
310 1706 453 1803 odiosa,
478 1712 552 1783 hoc
571 1712 712 1803 quidem
723 1712 809 1785 loco
828 1710 1001 1805 maxime,
1025 1730 1109 1785 cum

17 1864 21 1919 Ι
44 1812 188 1885 dumus
211 1806 346 1881 malitia
360 1824 564 1901 provocata
581 1808 798 1907 superiorem
812 1810 846 1885 se
862 1814 899 1883 in
915 1811 1108 1905 exsequen-

44 1910 82 1983 da
100 1910 252 1983 ultione
274 1908 481 2003 constituit,
514 1908 549 1983 de
571 1930 798 1985 remunerans
821 1930 973 2004 nequam
993 1910 1108 2003 dupli·

45 2026 95 2081 eat
109 2008 220 2101 quod
238 2002 341 2081 semel
352 2006 481 2083 fatuum
496 2010 557 2087 est.
592 2006 698 2084 Ultio
711 2032 821 2105 penes
838 2030 998 2085 errorem
1015 2008 1108 2095 sola-j

44 2110 123 2183 tium
145 2108 300 2181 videtur
315 2107 467 2200 doloris,
481 2130 591 2202 penes
606 2112 798 2183 veritatem
811 2124 909 2185 certe
926 2105 1116 2206 redargui:

43 2220 92 2279 tur
104 2206 353 2302 malignitatis.
387 2208 483 2309 Quid
495 2209 586 2282 enim
596 2210 708 2282 refert
719 2210 1102 2305 interprouocantem‚

45 2306 347 2401 &provocatum
359 2308 420 2381 nisi
434 2310 530 2401 quod
543 2311 602 2383 ille
614 2309 712 2402 prior
727 2311 763 2381 in
779 2304 955 2383 maleficio
976 2312 1102 2403 depre-

42 2407 224 2499 benditur,
234 2420 271 2478 at
281 2407 534 2498 illeposterior.
560 2410 1102 2501 'l'amenuterquelaesrhominis

44 2506 191 2581 domino
219 2524 301 2581 reus
323 2504 390 2581 cst:
428 2510 486 2601 qui
514 2530 620 2582 omne
646 2530 797 2600 nequam
821 2510 853 2581 dc
875 2509 1044 2600 prohibet
1068 2509 1104 2580 dc

14 2608 21 2770 Ι
45 2606 196 2683 damnat.
260 2605 369 2680 Nulla
393 2607 430 2681 in
452 2607 628 2681 maleficio
654 2610 787 2680 ordinis
813 2608 906 2679 ratio
936 2606 1005 2679 est:
1032 2606 1105 2677 ne‘c'

14 2706 140 2789 ,locus
168 2704 351 2800 secernit,
389 2709 487 2798 quod
511 2707 699 2779 similitudo
726 2705 923 2799 conjungit.
986 2702 1103 2776 Abso-

46 2804 109 2881 lute
122 2810 250 2897 itaque
265 2808 466 2900 praecipitur
479 2807 608 2879 malum
623 2805 717 2876 malo
735 2825 809 2876 non
825 2800 1101 2897 rependendum.

46 2902 100 2979 lar
117 2906 284 2999 facium,
317 2927 379 2998 par
402 2909 509 2979 habet
528 2906 704 2981 meritum.
765 2902 963 3003 Quomodo
982 2902 1018 2975 id
1036 2904 1101 2976 ob·

16 3082 19 3089 ,
47 3000 286 3099 servabimus,
316 3006 499 3079 fifastiditi
527 3020 609 3078 ante
633 3007 668 3077 in
689 3002 827 3077 fastidio
850 3003 997 3076 ultionis
1022 3023 1100 3081 nou

16 3108 195 3197 juimus?
235 3108 352 3205 Quem
386 3122 503 3179 autem
528 3106 707 3179 honorem
739 3105 912 3177 litabimus
947 3102 1098 3177 domino

16 3204 19 3209 ’
47 3202 140 3301 Dee,
170 3208 197 3279 s1
220 3206 327 3279 nobis
347 3207 528 3278 arbitrium
552 3202 765 3277 defensionis
784 3198 1098 3301 arrogaverimus?

17 3384 19 3389 ,
46 3300 113 3379 Nos
135 3323 271 3395 utres,
305 3303 386 3377 vasa
402 3300 539 3395 fictilia,
573 3303 720 3376 servulis
738 3302 864 3376 nostris
890 3300 1100 3375 adsumenti·

16 3394 20 3454 ¹
46 3402 97 3483 bus
113 3410 180 3483 sibi
200 3406 244 3477 de
261 3406 442 3477 conservis
461 3407 657 3495 ultionem,
684 3405 840 3498 graviter
860 3400 1098 3479 offendimur:

45 3524 173 3601 eosque
191 3504 252 3596 qui
270 3506 375 3577 nobis
395 3505 600 3599 patientiam
616 3504 813 3575 obtulerint
832 3500 947 3592 suam,
969 3511 1013 3569 ut
1025 3520 1097 3570 me·

45 3624 154 3682 mores
181 3602 414 3697 humilitatiS,
447 3603 650 3696 servitutis,
674 3602 729 3695 jus
752 3600 919 3675 dominici
946 3596 1098 3699 honoris

46 3704 256 3803 diligentes,
295 3724 369 3775 non
419 3704 586 3776 robamus
612 3703 747 3791 modo,
788 3697 846 3773 sed
874 3697 1097 3801 ampliorem,

47 3824 139 3893 quam
157 3800 221 3897 ipsi
240 3800 301 3875 libi
319 3724 622 3897 praegtmpsrllent,
649 3798 919 3875 latislatiionem
936 3792 1095 3877 facimus.

49 3900 77 3975 ld
97 3905 207 3979 uobis
236 3904 272 3975 in
297 3902 443 3977 domino
465 3918 538 3977 tam
557 3899 650 3995 justo
674 3898 717 3973 ad
736 3894 997 3990 estimandum,
1022 3909 1096 3974 tam

51 4003 182 4091 potenti
203 4001 247 4073 ad
261 3998 515 4095 perficiendum
528 3996 773 4097 periclitatur?
802 3994 897 4095 Quid
913 4016 1000 4093 ergo
1020 4014 1097 4071 cre·

54 4099 152 4181 dimus
169 4100 326 4196 judicem
343 4100 461 4203 illum,
485 4100 509 4179 fi
528 4122 604 4277 ηὲη
624 4094 856 4197 &ultoremi
881 4094 966 4175 Hoc
980 4092 1097 4269 igno·

23 4217 26 4229 .
604 4222 629 4294 4
1015 4212 1046 4269 Β
