2468 4530
344 488 886 568 ”Paraeurrn
1091 514 1138 591 91

154 668 216 741 13.
251 647 374 741 Usque
400 652 473 725 huc
500 652 546 725 de
569 651 740 746 patientia
762 650 907 725 tandem
935 650 1077 745 fimplici
1105 654 1141 727 dt

81 748 275 841 uniformi,
300 750 334 831 dc
352 765 493 825 tantum
517 752 693 825 inanimo
715 750 927 826 constituta:
955 774 1060 841 quum
1081 776 1138 827 ea·

81 848 156 921 dern
186 848 293 921 etiarn
320 850 357 923 in
389 871 574 945 corpore,
617 852 834 925 demerendo
857 851 1019 923 Domino
1049 857 1137 927 mul·

81 948 251 1043 tipliciter
276 949 482 1023 adlabores:
515 964 647 1045 utpote
666 972 743 1043 que
758 954 809 1023 ab
828 949 905 1042 ipso
922 950 1083 1025 Domino
1100 954 1138 1027 in

81 1047 249 1141 corporis
263 1069 410 1141 quoque
420 1050 553 1123 virtute
567 1050 663 1123 edita
675 1048 739 1141 est,
761 1050 1055 1140 squidemretlor
1068 1054 1138 1123 ani·

81 1168 157 1221 mus
168 1144 275 1219 facile
288 1152 528 1223 communicat
538 1150 677 1243 spiritus
689 1148 831 1221 investa
841 1170 921 1220 cum
932 1151 1138 1223 habitaculo

80 1244 152 1321 suo.
205 1248 300 1345 Quae
312 1248 416 1343 igitur
431 1249 629 1345 negotiatio
644 1251 823 1344 patientiae
838 1250 874 1320 in
889 1248 1072 1341 corpore?
1097 1246 1140 1323 In

80 1346 200 1439 primis
217 1344 409 1421 adflidatio
424 1351 537 1421 carnis
555 1348 670 1421 hostia
680 1349 841 1421 Domino
860 1348 1054 1441 placatoria
1074 1368 1140 1441 per

79 1445 335 1519 humiliationis
350 1446 569 1539 sacrificium,
579 1470 685 1539 quum
698 1447 818 1521 sordes
830 1469 910 1521 cum
923 1447 1076 1541 angttstia
1086 1448 1140 1519 vi·

82 1542 153 1617 uus
166 1544 334 1619 Domino
350 1548 459 1639 libat,
479 1562 653 1621 contenta
668 1548 814 1639 srmpliei
828 1548 961 1641 pabulo
974 1567 1138 1639 puroque

81 1664 178 1737 aquae
192 1659 311 1739 potu,
338 1666 445 1739 quum
463 1648 596 1739 ieiunia
614 1648 823 1743 coniungit,
850 1668 956 1737 quum
978 1644 1141 1719 cineri&

80 1742 183 1817 sacco
202 1743 376 1819 inolescit.
437 1746 525 1819 Haec
539 1746 709 1839 patientia
727 1747 891 1839 corporis
909 1747 1139 1841 precationes

83 1842 329 1937 commendat,
352 1845 622 1939 deprecationes
638 1844 802 1920 affirmat:
828 1847 902 1920 lraec
920 1866 1022 1919 aures
1040 1844 1140 1920 Chri·

81 1940 204 2017 stiDei
224 1946 360 2039 aperit,
385 1946 610 2020 severitatem
626 1944 811 2041 dispergit,
838 1947 1061 2019 clementiam
1079 1944 1140 2017 eli·

83 2046 139 2117 eit.
192 2043 253 2115 Sic
274 2045 334 2117 ille
357 2066 422 2119 rex
444 2046 664 2137 Babylonius
692 2044 831 2119 offenso
859 2045 1007 2119 domino
1030 2066 1139 2138 quum

82 2140 293 2234 squalore&
310 2146 453 2237 pauore
468 2146 627 2239 septenni
649 2148 692 2219 ab
711 2148 860 2218 bumana
878 2144 993 2219 forma
1006 2141 1138 2218 exsulas·

81 2240 206 2334 lauet,
240 2242 420 2317 immolata
443 2246 614 2338 patientia
638 2248 801 2338 corporis
829 2248 899 2337 sui,
933 2246 1139 2339 &reguum

82 2346 332 2435 recuperavit,
354 2344 387 2416 dc
402 2347 497 2436 quod
515 2346 704 2437 optabilius
721 2346 854 2418 bomini
870 2344 939 2438 est,
956 2343 1034 2419 satis
1050 2345 1135 2417 Deo
1145 2386 1157 2411 .-

83 2441 181 2517 secit,
233 2442 310 2537 Jam
330 2444 353 2516 sr
374 2446 519 2517 altiores
542 2445 772 2518 &feliciores
794 2444 920 2541 gradus
939 2445 1137 2538 corporalis

83 2542 269 2633 patientie
278 2543 493 2636 digeramus,
522 2546 645 2617 eadem
660 2545 829 2618 santlitati
847 2566 991 2635 quoque
1008 2564 1139 2635 procu·

83 2655 135 2713 rat
154 2642 415 2713 continentiam
433 2646 559 2715 carnis.
618 2642 706 2715 Hrec
725 2643 758 2713 tr
778 2642 921 2713 viduam
943 2656 1044 2713 tenet
1061 2694 1073 2726 ,
1107 2640 1141 2712 dr

83 2742 259 2835 uirginem
273 2740 441 2835 adsignat,
460 2742 752 2813 &voluntarium
768 2738 960 2831 spadonem
976 2742 1017 2812 ad
1033 2759 1142 2834 regna

85 2842 159 2914 coeli
180 2842 291 2914 levat
352 2842 463 2939 Quod
482 2840 527 2913 de
544 2840 681 2914 virtute
702 2842 805 2913 animi
825 2839 949 2929 venit,
977 2840 1012 2913 in
1033 2836 1140 2913 cuine

84 2937 288 3032 perficitur,
316 2943 429 3015 carnis
446 2942 617 3034 patientia
640 2942 675 3014 in
691 2939 1021 3035 persequutionibus
1042 2941 1139 3014 deni·

87 3062 150 3131 que
166 3042 358 3137 praeliatur.
409 3042 445 3114 Si
460 3041 542 3137 suga
556 3056 701 3137 urgeat,
727 3035 893 3113 adversus
909 3041 1139 3115 incommoda

86 3140 174 3235 suge
196 3159 282 3212 caro
295 3142 433 3216 militat.
484 3142 520 3213 Si
538 3140 572 3214 &
587 3162 707 3213 carcer
723 3154 877 3235 premat,
905 3146 1041 3215 euroin
1060 3144 1138 3213 vin·

87 3244 198 3333 culis,
236 3260 320 3311 cero
345 3243 381 3312 in
405 3242 537 3335 ligno,
567 3261 651 3313 caro
672 3243 706 3314 in
729 3241 828 3333 solo,
864 3242 897 3313 &
920 3242 955 3313 in
976 3245 1035 3314 illa
1055 3258 1141 3331 pau-

85 3355 224 3431 pertate
241 3342 351 3431 lucis,
378 3340 461 3413 &in
479 3342 537 3412 illa
557 3344 704 3433 penuria
723 3341 854 3414 mundi.
909 3345 1030 3440 Qumr
1047 3358 1140 3411 vcro

85 3441 296 3531 producitur
308 3438 350 3511 ad
364 3443 643 3533 experimentum
658 3440 850 3532 felicitatis,
860 3440 902 3513 ad
915 3440 1140 3514 occafionem

86 3537 245 3613 secundae
268 3540 514 3631 inclusionis,
553 3540 597 3613 ad
623 3540 733 3633 ipsum
758 3542 886 3614 divine
910 3538 997 3611 sedis
1024 3536 1140 3613 ascen·

84 3637 175 3733 sarm,
201 3640 299 3712 nulla
319 3640 396 3731 plus
416 3643 487 3713 illic
506 3660 610 3731 quarn
627 3642 795 3732 patientia
812 3640 1000 3732 corporis;
1025 3638 1060 3710 Si
1078 3641 1141 3719 sai-

84 3748 170 3811 ritur
182 3756 360 3833 promptus,
387 3738 443 3812 sed
463 3766 532 3831 tago
552 3742 624 3813 slne
644 3742 814 3835 patientia
837 3743 983 3830 infirma,
1012 3738 1070 3811 ubi
1092 3738 1139 3813 sa·

82 3842 138 3913 lus
163 3840 358 3935 spiritus&
382 3842 495 3911 earnis
518 3840 631 3931 ipsius.
683 3838 734 3911 At
754 3861 861 3929 quaram
886 3838 957 3910 boe
974 3838 1136 3915 dominus

83 3942 127 4013 de
155 3960 263 4013 carne
289 3940 396 4027 uicit,
429 3936 599 4011 infirmam
625 3942 882 4031 pronuntians„
916 3940 996 4029 quiid
1023 3943 1054 4013 ei
1081 3941 1138 4012 lir-

82 4040 221 4115 mandae'
238 4061 332 4129 operas
348 4038 409 4123 stq
436 4038 608 4129 ostendit,
634 4042 804 4132 patientia
825 4036 955 4111 scilicet
971 4040 1138 4113 aduersus

84 4160 233 4213 ornnem
249 4138 495 4213 subvertendae
510 4136 619 4231 fidei,
646 4139 706 4211 vel
722 4138 906 4231 pttnieudae
923 4157 1138 4235 paraturam,

1050 4252 1092 4309 ut
