2400 4590
997 410 1007 461 l

120 542 173 597 os
203 521 714 596 Panscarearorsrnus
737 538 981 597 neutrae.
1032 541 1122 616 449.

43 682 175 775 fidem,
193 703 238 754 an
250 700 296 753 ex
311 676 383 755 fide
394 678 591 774 personas?
616 678 739 753 Nemo
754 674 891 773 sapiens
907 678 978 774 est,
994 702 1106 756 nemo
1141 664 1145 673 ¹

42 781 182 874 fidelis,
207 801 316 854 nemo
328 780 464 873 major,
489 779 554 853 ulfi
568 776 795 854 Christianus.
846 778 969 853 Nemo
985 799 1106 856 autem

45 880 283 972 Christianus,
308 882 371 975 mfi
385 886 441 977 qui
456 882 605 971 adfinem
621 882 990 977 usqucperseoeraverir.
1043 880 1106 955 Tu

43 994 89 1053 ut
102 982 213 1055 homo
227 977 446 1053 extrinsecus
458 998 746 1071 unumquemque
759 978 871 1053 nosti:
886 995 991 1073 putas
1007 978 1106 1071 quod

42 1080 160 1154 vides.
213 1078 329 1152 Vides
352 1092 471 1153 autem
495 1098 685 1173 quousque
707 1081 837 1151 oculos
861 1078 982 1153 habes.
1035 1078 1106 1151 Sed

41 1184 142 1263 oculi,
168 1177 308 1271 inquit,
334 1180 457 1250 domini
474 1184 548 1251 alti.
615 1182 715 1250 Homo
738 1182 775 1248 in
789 1176 928 1270 farm,
952 1182 1042 1249 Deus
1068 1184 1106 1249 in

37 1282 209 1379 precordia
233 1279 468 1377 centuplatas.
525 1275 577 1350 Et
598 1277 683 1351 ideo
705 1280 855 1371 mgnofflt
876 1280 1019 1348 dominus
1046 1283 1106 1374 qui

35 1381 120 1471 sunt
134 1383 223 1475 ejus:
248 1375 288 1455 U
297 1380 466 1474 plantam,
490 1402 583 1475 quarn
597 1402 665 1449 non
674 1381 862 1479 plantavit,
880 1381 1042 1449 eradicat:
1071 1379 1105 1450 ot

43 1479 92 1552 de
116 1477 235 1572 primis
258 1479 465 1553 noviffimos
492 1476 667 1552 ostendit:
700 1479 924 1551 vmdilabrum
949 1484 984 1547 iu
1006 1502 1105 1547 mortu

39 1595 152 1676 portal
166 1596 191 1669 ,1
205 1580 245 1647 od
261 1578 455 1672 purgandam
473 1603 580 1649 aream
594 1576 697 1667 fitam.
748 1578 915 1650 Avolent
933 1594 1105 1667 quantum

42 1679 178 1749 volunt
193 1677 302 1768 palea
316 1679 409 1752 levis
422 1674 527 1769 fidei,
553 1696 770 1769 quocunque
787 1677 919 1749 adflatu
932 1677 1104 1749 tentatio-

40 1797 151 1868 num,
177 1797 224 1847 eo
243 1778 369 1872 purior
386 1775 490 1849 malla
509 1776 678 1851 frumenti
700 1778 735 1848 in
751 1777 881 1849 horrea
898 1776 1031 1848 domini
1042 1798 1104 1863 ¹re·

40 1890 211 1973 ponetur.
263 1874 400 1950 Nonne
419 1878 463 1949 ab
480 1872 557 1969 ipso
573 1876 723 1949 domino
738 1876 878 1967 quidam
893 1873 1103 1951 discentium

43 1975 268 2049 scandalizati
283 1973 544 2050 deverterunt?
570 1972 654 2073 Nec
666 1988 788 2049 tamen
803 1989 1020 2071 propterea,
1048 1997 1105 2047 ce-

42 2075 113 2147 teri
133 2095 280 2165 quoque
299 2072 584 2149 discedenduma
603 2073 757 2172 vestigiis
773 2075 849 2167 ejus
864 2090 1103 2167 putaverunt:
1182 2150 1185 2157 ,

41 2172 103 2248 sed
129 2176 188 2265 qui
212 2172 368 2247 sciemnt
392 2176 490 2250 illum
515 2175 600 2247 vitae
623 2172 693 2248 effe
719 2176 895 2264 verbum,
924 2174 957 2245 &
978 2199 999 2245 a
1020 2174 1104 2245 Deo

41 2272 199 2365 venille,
225 2272 547 2366 perseveraverunt
567 2275 605 2347 in
626 2276 803 2347 comitatu
825 2275 900 2364 ejus
923 2295 1037 2365 usque
1061 2274 1104 2345 ad

42 2370 173 2446 finem:
200 2394 281 2445 cum
293 2376 363 2465 illi,
389 2374 587 2466 satellem,
614 2374 648 2446 δι
667 2375 745 2467 ipsis
767 2372 946 2445 discedere
964 2375 1104 2465 placide

44 2470 240 2546 obtulisset
302 2470 424 2544 Minus
453 2472 523 2563 est,
559 2473 644 2545 si&
670 2473 870 2568 apostolum
895 2474 971 2563 ejus
999 2475 1104 2562 aliqui

43 2570 253 2668 Phygelus,
288 2570 322 2642 δι
345 2571 616 2741 Hermogenes,
652 2572 685 2642 ἃ
705 2571 887 2659 Philetus,
922 2572 1106 2660 &Hyme-

44 2693 142 2745 naeus
169 2670 414 2762 reliquerunt,
439 2671 475 2763 ip
492 2694 512 2741 e
530 2669 684 2741 traditor
703 2669 830 2741 Christi
854 2670 898 2739 de
919 2667 1106 2758 Apollolis

43 2770 127 2847 fuit
178 2770 353 2842 Miramur
376 2770 421 2843 de
442 2770 597 2843 ecclesiis
617 2771 714 2860 ejus,
741 2768 798 2841 fia
819 2768 1025 2857 quibusdam
1047 2769 1106 2839 de·

44 2868 230 2960 seruntur,
258 2890 339 2941 cum
353 2892 395 2941 ea
405 2891 474 2940 nos
488 2868 681 2941 ostendunt
694 2868 933 2957 Christianos,
954 2889 1032 2956 quae
1046 2890 1106 2958 pa·

45 2972 174 3062 timur,
191 2969 238 3040 ad
255 2970 456 3062 exemplum
471 2970 575 3063 ipsius
589 2967 728 3043 Christi
782 2971 836 3040 Ex
848 2968 954 3051 acolis,
977 2969 1106 3058 inquit,

42 3073 248 3165 prodierunt,
273 3072 322 3148 sed
340 3093 405 3138 non
420 3069 562 3160 suerunt
580 3095 619 3138 ex
636 3069 733 3141 nobis.
782 3073 822 3140 Si
834 3052 974 3161 filiffent
993 3095 1031 3137 ex
1053 3093 1108 3136 no·

41 3169 106 3261 lis,
122 3164 351 3264 permsnfiffent
368 3173 478 3266 utique
493 3172 662 3251 uobiscum.

125 3290 159 3356 4.
183 3269 284 3364 Quin
303 3270 426 3361 potius
447 3289 625 3343 memores
642 3269 744 3341 simus
761 3282 834 3340 tam
850 3266 1108 3339 dominicarum

45 3368 418 3464 pronunciationem,
461 3391 563 3460 quam
591 3367 865 3460 apostolicarum
895 3370 1107 3452 litterarum,

73 3487 128 3540 uae
150 3465 256 3538 nobis
278 3466 311 3538 δι
334 3465 471 3539 futuras
497 3466 643 3541 hereses
667 3467 1034 3562 praenunciaverunt,
1074 3463 1109 3533 δι

87 3564 232 3662 giendas
247 3562 506 3658 prefinierunt:
537 3581 600 3657 ut,
627 3567 717 3639 sicut
740 3564 808 3638 elle
831 3566 927 3655 illas,
954 3585 1028 3633 non
1048 3584 1110 3631 ex-

44 3663 290 3760 pavescimus,
317 3666 368 3739 ita
385 3664 419 3738 &
439 3664 538 3759 polle
560 3666 616 3759 id,
642 3682 794 3759 propter
815 3665 912 3754 quod
935 3662 1109 3753 fugiendae

45 3762 150 3857 sunt,
176 3785 252 3836 non
276 3765 455 3843 miremur.
507 3764 652 3838 Instruit
671 3765 859 3853 dominus,
885 3764 1019 3834 multos
1037 3758 1109 3833 ell'e

47 3879 226 3936 venturos
249 3861 311 3937 sub
328 3866 480 3957 pellibus
500 3865 650 3957 ovium,
676 3884 820 3953 rapaces
834 3864 950 3951 lupos.
1004 3862 1109 3953 Que-

44 3983 128 4037 nam
150 3962 220 4035 ista
240 3964 321 4035 lunt
341 3965 452 4057 pelles
476 3967 631 4056 ovium,
661 3964 723 4035 nisi
745 3962 900 4035 nominis
922 3957 1111 4031 Christiani

28 4061 266 4147 ,extrinsecus
281 4059 511 4157 superficies?
538 4064 612 4161 Qui
627 4063 701 4155 lupi
719 4082 888 4154 rapaces,
914 4059 974 4130 nisr
994 4056 1110 4129 sensus

42 4160 82 4237 δι
97 4160 239 4259 spiritus
254 4161 416 4255 subdoli,
444 4162 489 4237 ad
504 4160 742 4237 infestandum
754 4180 899 4260 gregem
915 4156 1042 4232 Christi
1059 4158 1111 4229 in·

102 4257 239 4339 Tmuu·
262 4256 351 4343 mo
370 4265 418 4339 H·
652 4257 713 4336 Ff
975 4256 1064 4328 trin·
