2400 4590
229 546 282 593 r··.·
324 525 386 581 ,qn
409 504 629 600 Uxonqrnr
652 508 882 591 LIBBRH.
980 549 985 559 ·
1084 522 1131 616 ⁶9

10 669 12 683 '
62 664 302 763 teiligendum
326 664 397 739 esse
417 664 635 761 confimat,
667 686 707 739 ut
722 678 879 766 quisque,
903 672 973 767 ait,
997 694 1131 751 vocam

59 774 222 839 emunim
241 782 293 835 ara
304 776 498 859 perpendet:
525 783 705 841 vocantur
718 786 837 843 autem
851 774 1023 867 gentiles,
1050 780 1129 871 opi·

60 886 141 959 nor,
162 888 251 939 non
266 860 412 939 fideles:
437 868 535 959 quod
552 864 638 941 st'de
656 865 751 943 fideii
766 887 849 945 ante
861 874 1127 953 matrimonium

59 962 350 1059 pronuntiasset,
383 964 543 1041 absolute
567 966 773 1059 permiserat
792 970 914 1045 sanetis
933 974 1043 1067 vulgo
1060 999 1125 1049 nu·

59 1064 161 1139 bere:
189 1064 220 1139 st
242 1086 332 1137 vere
345 1067 571 1159 permiserat,
598 1088 780 1159 nunquam
797 1086 867 1143 tam
883 1070 1057 1157 diversam
1072 1092 1125 1149 at·

59 1184 122 1257 que
148 1164 378 1239 contrariam
406 1165 581 1259 permissui
609 1168 673 1240 suo
696 1172 1027 1264 pronuntiationem
1048 1171 1126 1245 sub·

59 1264 223 1355 didisset,
258 1264 399 1337 dicens:
440 1267 566 1337 Mulier
588 1267 736 1359 defundit
761 1278 835 1337 viru
857 1271 956 1340 libere
975 1272 1039 1369 eps,
1071 1277 1125 1343 cui

58 1370 128 1435 rust
146 1364 278 1449 nubat,
297 1382 435 1437 ramum
455 1374 490 1435 in
510 1372 642 1443 domim.
693 1368 764 1441 Hic
786 1386 885 1441 certe
907 1369 992 1443 nihil
1012 1386 1125 1447 retra-

59 1460 226 1537 flandum
243 1461 314 1535 est:
333 1486 415 1537 nam
427 1466 472 1539 de
487 1488 533 1539 eo
549 1466 647 1557 quod
663 1466 804 1541 trattati
817 1466 1005 1561 potuisset,
1022 1468 1123 1565 Apo·

57 1562 165 1637 stolus
187 1564 349 1638 cecinit:
386 1584 458 1657 ne,
493 1567 592 1657 quod
607 1567 678 1659 ait,
709 1568 1004 1647 corvertendo,
1030 1574 1122 1651 male.¹

57 1676 273 1751 uteremur,
307 1662 457 1755 adjecit,
483 1682 611 1755 rantum
632 1692 670 1735 m
693 1669 835 1757 spasmo,
866 1664 975 1739 idest
998 1666 1034 1737 in
1057 1688 1124 1757 ηο·Ι

56 1764 146 1837 nine
170 1762 346 1853 domini,
379 1764 477 1853 quod
499 1764 559 1839 est·
572 1766 770 1858 indubitate
794 1765 1004 1841 Christiano.
1055 1764 1123 1840 Ide

56 1860 161 1957 iqn'tur
179 1860 387 1955 Apostolus
405 1862 561 1957 rannus,
588 1864 646 1957 qui
660 1864 785 1937 viduas
799 1867 965 1959 innuptas
979 1865 1124 1961 integri·

58 1962 116 2033 tati
136 1960 381 2057 perseverare
403 1966 569 2057 mavelit,
589 1964 660 2057 ,qui
684 1986 752 2037 nos
775 1964 818 2036 ad
842 1966 1044 2057 exemplum
1069 1962 1122 2053 sui

56 2060 249 2151 hortatur,
267 2062 398 2135 nullam
414 2065 514 2137 aliam
527 2064 678 2143 formam
690 2064 967 2155 repetundarum
982 2067 1123 2157 nuptia·

24 2200 28 2213 ·
55 2180 129 2233 rum
152 2158 223 2233 nisi
248 2160 286 2231 in
310 2160 457 2235 domino
481 2164 695 2255 praescribit,
721 2164 804 2235 huic
828 2162 892 2235 soli
914 2164 1119 2237 conditioni

55 2260 297 2333 continentiae
314 2259 522 2335 detrimenta
539 2264 723 2335 concedit:
750 2280 895 2353 ratarum,
920 2263 1058 2353 inquit,
1080 2270 1119 2333 in

55 2363 189 2429 minino.
253 2356 398 2449 Adiecit
420 2364 560 2453 pondus
584 2364 653 2457 legi
674 2360 741 2435 suae
759 2380 903 2447 taurum,
930 2384 1002 2452 quo
1026 2361 1117 2435 sono

56 2460 89 2531 dt
109 2459 227 2533 modo
246 2460 492 2533 enuntiaveris
508 2462 636 2535 ditium
654 2462 758 2535 istud:
785 2466 820 2535 dt
834 2460 1025 2536 onerosum
1044 2462 1118 2549 est3

10 2646 12 2653 Ι
56 2558 91 2633 dt
102 2560 234 2651 jubet,
263 2556 456 2647 &suadem
485 2563 519 2633 &
536 2563 713 2653 precipit,
742 2564 775 2632 dt
794 2563 978 2645 hortatum
1006 2561 1040 2629 u
1059 2580 1120 2630 ro·

56 2674 143 2755 gat,
178 2656 213 2729 ἃ
239 2658 492 2733 comminatur:
527 2660 721 2751 detrudam
745 2660 778 2729 &
801 2676 924 2729 exerta
946 2657 1120 2731 sententia

57 2758 130 2849 est,
159 2758 196 2831 dt
217 2755 293 2850 ipsa
312 2756 360 2828 sui
381 2760 565 2833 brevitate
586 2756 774 2830 foecunda:
807 2756 854 2829 stc
878 2753 969 2829 solet
998 2754 1119 2855 diuina

56 2880 155 2947 vox,
179 2874 219 2926 ut
237 2855 350 2929 statim
365 2858 548 2933 observes.
592 2858 682 2956 Quis
696 2856 790 2948 enim
803 2857 1002 2951 intelligere
1015 2854 1118 2949 posfit

56 2956 218 3050 pericula
239 2958 350 3029 multa
371 2960 404 3029 δι
425 2963 574 3033 vulnera
595 2957 676 3031 fidei
700 2958 735 3029 in
759 2957 962 3047 hujusmodi
983 2955 1116 3049 nuptiis

57 3078 140 3149 quas
158 3056 334 3149 prohibet
352 3056 546 3151 Apostolus
565 3054 772 3153 providisse:
800 3056 1117 3151 &primoquidem

56 3158 172 3229 carnis
200 3152 322 3227 saneta}
340 3158 376 3229 in
394 3179 499 3231 carne
521 3159 642 3251 gotidii
661 3156 962 3247 inquinamentum
986 3175 1117 3245 praeca·

56 3258 150 3331 n'sse.
207 3254 293 3327 Hoc
315 3258 403 3329 loco
423 3256 513 3345 dicit
531 3258 678 3349 aliquis,
711 3258 794 3348 quid
821 3278 908 3350 ergo
929 3252 1044 3324 refert
1065 3253 1116 3321 in-

54 3370 101 3429 ter
121 3378 210 3431 eum
236 3355 295 3445 qui
317 3356 353 3429 in
371 3359 600 3449 matrimonio
624 3357 763 3453 gentilis
788 3380 807 3427 a
828 3356 974 3427 domino
999 3348 1116 3441 allegi·

57 3470 124 3544 tur,
147 3464 185 3527 dt
198 3454 285 3527 olim
299 3456 334 3529 id
350 3456 401 3547 est
417 3474 502 3551 ante
518 3459 660 3550 nuptias
672 3452 831 3546 fidelem,
848 3470 888 3524 ut
904 3474 980 3523 non
995 3448 1116 3540 proin·

14 3606 19 3623 2
59 3555 213 3629 decerni
235 3554 299 3627 suae
320 3557 500 3629 caveant?
528 3560 617 3629 alter
634 3570 795 3625 arceatur
808 3576 827 3625 a
840 3551 973 3642 nuptiis
991 3543 1115 3619 infide,

16 3661 21 3686 “·
60 3654 111 3749 iis,
142 3660 237 3729 aiter
256 3657 291 3727 in
306 3658 359 3731 his
376 3654 603 3749 perseverare
622 3654 806 3725 videatur:
840 3672 903 3721 cur
921 3649 944 3720 si
960 3646 1115 3741 agentdi

60 3756 307 3849 inquinamur,
326 3778 410 3829 ‘non
431 3757 464 3829 &
484 3758 543 3829 ilie
561 3751 791 3847 disjungitur,
818 3746 1114 3841 quemadmodum

18 3900 22 3911 ·
61 3854 114 3929 iste
136 3879 216 3929 non
238 3854 448 3951 obligatur?
486 3854 728 3951 Respondebo
753 3852 777 3925 st
800 3848 939 3943 spiritus
962 3847 1113 3943 dederit,

64 3970 138 4029 ante
164 3957 285 4029 omnia
317 3956 469 4051 allegans
496 3950 820 4046 dominum‚.,magis
844 3966 962 4043 return¹
982 3948 1126 4033 habere-3

65 4057 321 4129 nuatumonium
342 4076 416 4129 non
437 4044 628 4152 contrahi,
657 4074 760 4147 qqam
778 4044 1113 4247 omnifflisdiffldigi

933 4178 953 4219 ss

66 4152 632 4327 denique‚diuortium„-pr.ohii{t,
657 4151 719 4251 m'fi
733 4152 838 4253 stupra·
856 4176 892 4247 eh
955 4194 972 4245 Ι,
998 4156 1116 4243 pontu

430 4263 439 4277 ·
629 4273 649 4349 3
980 4263 1068 4323 neu·
