2400 4590
118 528 188 613 ssd
261 525 309 625 Q.
333 519 470 597 suar.
493 518 635 597 Faon
659 520 1018 600 ‘fraudamur

114 682 305 762 sumundum
322 682 608 775 matrimonium,
632 701 709 758 non
725 685 842 759 minus
857 686 1045 781 repudium
1067 684 1166 780 prio·

113 786 175 859 ris.
232 780 302 856 Sed
315 780 453 855 facilius
473 783 601 856 duritia
617 783 737 855 cordis
751 780 1033 877 Christu'cellit,
1059 806 1167 876 quam

113 880 297 959 infirmitas
313 884 444 957 carnis:
462 885 542 975 plus
556 881 633 957 hec
645 882 708 957 ilbi
721 882 866 957 Paulum
882 882 1043 957 defendit
1060 906 1167 975 quam

114 984 175 1059 illa
191 978 367 1073 Moysens
397 981 423 1055 li
444 994 564 1055 tamen
583 978 773 1073 defendit,
791 1002 898 1073 quum
921 983 1166 1078 indulgentem

115 1102 197 1157 eum
223 1095 368 1174 captat,
397 1078 684 1173 prescribentem
705 1078 866 1157 recusat:
901 1102 977 1174 que
998 1084 1166 1173 potiores

113 1178 307 1257 sententias
328 1179 364 1251 dr
384 1194 575 1273 perpensas
594 1182 804 1253 uoluntates
831 1173 907 1273 e'jus
928 1180 1059 1272 eludit,
1084 1201 1165 1270 quar

113 1300 192 1355 non
210 1278 289 1353 sinit
308 1297 377 1351 nos
394 1278 466 1351 boc
485 1278 667 1370 Apostolo
681 1278 869 1372 prestare,
901 1280 1000 1371 quod
1012 1282 1164 1355 mavult.

113 1374 165 1453 Et
194 1396 381 1471 quousque
407 1372 592 1451 infirmitas
624 1376 687 1451 ista
717 1378 1007 1470 impudentiffima
1035 1380 1073 1451 in
1103 1400 1166 1452 ex-

139 1477 308 1573 ugnando
320 1475 469 1551 meliora
485 1474 753 1569 perseverabit?
778 1476 939 1569 Tempus
957 1480 1032 1567 ejus
1045 1478 1167 1552 donec

113 1500 317 1653 saracletus
332 1591 543 1667 operaretur
555 1575 646 1667 fuit,
671 1577 708 1651 in
723 1595 828 1670 quem
843 1576 952 1671 dilata
967 1575 1049 1651 sunt
1066 1597 1087 1650 a
1100 1576 1166 1650 do·

112 1678 233 1766 mino,
259 1696 335 1767 quae
349 1689 436 1747 tunc
448 1671 604 1748 sustineri
618 1696 696 1749 nou
708 1690 898 1768 poterant,
923 1696 1001 1767 qun
1015 1676 1086 1769 jam
1103 1698 1166 1751 ne·

113 1776 199 1852 mini
217 1774 393 1866 competit
406 1788 555 1865 portare
568 1793 646 1849 nun
663 1772 783 1866 polle,
808 1776 890 1867 quia
907 1795 1090 1869 perquem
1105 1776 1165 1849 da·

112 1886 174 1949 urr
186 1889 334 1969 portare
351 1870 472 1965 polle,
496 1894 573 1947 non
589 1872 697 1949 dealt
747 1874 927 1975 Quamdiu
944 1871 1165 1947 causabimur

113 1972 285 2051 carnem?
319 1972 402 2065 quia
419 1972 510 2045 dixit
523 1972 709 2067 dominus,
737 1976 816 2043 &ra
828 1976 977 2063 infima,
1002 1972 1061 2045 sed
1077 1994 1166 2066 pre-

112 2074 204 2151 misit
217 2074 274 2165 &,
292 2077 426 2169 spiritus
443 2090 619 2169 promptus:
641 2088 684 2145 ut
698 2072 823 2145 vincat
841 2070 982 2169 spiritus
1005 2092 1164 2166 carnem,

70 2224 74 2229 -
112 2188 156 2247 ut
172 2173 276 2247 cedat
292 2171 391 2265 quod
404 2168 580 2287 infirmum
598 2170 651 2286 est
666 2172 822 2245 iordori.
869 2170 966 2245 Nam
984 2171 1019 2244 dt
1036 2180 1092 2267 qui
1109 2192 1163 2265 pe

113 2273 294 2447 assessis?
304 2319 318 2359 ’
328 2289 489 2445 ὁῗῗὲἕῇῐ
504 2270 829 2462 ἒῇῗὲιᾶἰνξ,οὲὶιιῖ
835 2269 1165 2463 ngslclsggralsossg

112 2470 248 2549 stantia
270 2469 469 2545 dividenda
490 2470 612 2565 egenis
627 2483 867 2563 preceptum,
892 2468 1094 2545 &dimissus
1112 2468 1165 2543 est

112 2570 296 2649 sententia
308 2570 410 2645 suaa
427 2569 587 2644 domino.
637 2568 720 2643 Nec
732 2568 817 2643 ideo
832 2568 960 2641 duritia
977 2568 1164 2661 imputabi-

112 2686 174 2747 tur
190 2668 333 2745 Cbristo
344 2670 389 2744 de
402 2669 536 2746 arbitrii
551 2669 793 2763 cujuscunque
809 2667 912 2743 liberi
927 2669 1032 2741 vitio.
1070 2669 1164 2757 Ecce,

112 2772 250 2865 inquit,
272 2771 446 2867 postulante
465 2788 494 2840 re
508 2770 618 2840 unum
631 2766 670 2843 (7
690 2774 819 2843 malum.
870 2763 970 2863 Elige
988 2764 1163 2857 quudbo·

111 2893 198 2949 num
216 2870 285 2944 est:
310 2870 334 2943 st
352 2891 430 2942 non
446 2883 574 2959 potes,
599 2869 681 2960 quia
696 2889 772 2939 non
786 2867 844 2941 vis
861 2864 983 2960 (polle
999 2868 1091 2938 enirn
1109 2879 1163 2959 te,

112 2969 141 3044 li
160 2970 277 3059 velis,
312 2966 494 3057 ostendit,
526 2967 607 3057 quia
625 2979 691 3037 tuo
709 2964 856 3037 arbitrio
871 2980 1062 3053 utrumque
1076 2986 1162 3057 pro·

112 3063 268 3162 posuit)
284 3062 438 3138 discedas
457 3077 607 3159 oportet
623 3064 754 3157 abeo,
779 3063 879 3155 cujus
897 3084 974 3139 non
991 3061 1079 3137 iacis
1093 3086 1163 3138 vo·

111 3165 296 3243 luntnem.

192 3284 247 3353 ις.
272 3264 365 3361 Qua
381 3262 488 3359 igitur
508 3261 567 3335 hic
588 3259 717 3334 duritia
731 3258 872 3353 nostra,
896 3262 1016 3336 finon
1031 3259 1165 3337 sacien-

112 3362 210 3437 tibus
231 3363 458 3437 voluntatem
473 3360 568 3455 Dei,
599 3359 877 3435 renunciamus?
909 3382 989 3452 que
1008 3361 1162 3456 heresis,

111 3460 321 3539 fisecundas
339 3463 504 3557 nuptias,
528 3476 572 3533 ut
583 3462 743 3551 illicitas,
764 3461 867 3551 juxta
883 3460 1092 3533 adulterium
1105 3461 1165 3551 ju·

111 3558 293 3639 dicamusl
319 3560 418 3660 Quid
433 3558 484 3635 est
498 3564 591 3633 enim
608 3560 836 3650 adulterium,
863 3580 967 3651 quam
979 3559 1163 3631 matrimo-

110 3658 210 3737 nium
228 3658 416 3735 illicitum?
448 3658 567 3732 Notat
578 3658 778 3752 Apostolus
799 3679 884 3749 cos,
910 3659 969 3751 qui
985 3658 1161 3733 intutum

109 3758 248 3833 nubem
266 3760 526 3855 prohibebant,
559 3760 618 3851 qui
645 3758 680 3833 dt
704 3758 749 3831 de
774 3756 862 3831 cibis
882 3755 1162 3850 interdicebant,

112 3874 205 3949 qaus
228 3857 328 3935 Deus
349 3859 520 3933 condidit.
577 3856 659 3931 Nos
679 3876 771 3929 uero
793 3878 870 3931 non
886 3856 993 3953 magis
1015 3859 1160 3947 nuptias

111 3952 325 4052 auserimtrs,
355 3958 381 4031 s1
404 3955 571 4033 secundas
593 3956 820 4045 recusamus,
851 3976 955 4047 quam
975 3953 1077 4025 cibos
1104 3976 1161 4029 re·

110 4054 331 4153 probamus,
356 4055 381 4132 st
400 4054 521 4153 sapius
531 4057 745 4148 jejunamus.
795 4050 907 4129 Aliud
927 4050 980 4129 est
1002 4053 1158 4151 auferre,

111 4151 208 4231 aliud
230 4164 454 4253 temperares
482 4155 577 4235 aliud
600 4153 653 4233 est
674 4156 790 4260 legem
811 4174 891 4231 nou
909 4153 1077 4228 nubendi
1092 4172 1160 4247 po·

1007 4270 1109 4351 uere,

294 4468 371 4504 ἢ
