2400 4590
123 520 196 593 ιιι
266 502 316 600 Q.
341 496 478 576 Sera.
501 495 647 575 Fron.
670 496 1040 578 Tearottrant

119 660 308 739 nitentlam
321 658 511 735 ostendens
523 658 723 735 Dominum
735 660 855 757 melle,
868 682 947 754 quae
960 660 1185 763 anteidemt

122 780 201 855 quae
215 773 298 835 ante
311 758 483 855 baptisma
495 776 616 835 morte
630 760 834 854 peccatoris
849 764 976 855 potior
992 763 1185 861 habeatur,

119 860 228 937 semel
246 856 402 933 diluendi
418 880 483 953 per
499 857 629 933 christi
687 858 814 952 anam,
844 858 949 935 semel
966 882 1036 957 pro
1054 882 1185 957 pecca·

120 961 168 1035 tis
186 956 316 1032 nostris
336 972 456 1034 morte
470 954 594 1036 sundri.
692 980 749 1031 arn
762 959 838 1033 hoc
853 961 961 1035 etiam
975 962 1011 1034 in
1027 957 1087 1036 sua
1100 984 1183 1057 pen

119 1056 209 1137 sona
220 1056 419 1151 Apostolus
431 1058 563 1135 statuit.
614 1052 818 1131 Adfirmans
835 1060 930 1133 enim
943 1057 1122 1139 Christum
1138 1062 1185 1139 ad

119 1160 195 1237 hoc
213 1156 374 1251 venisse,
399 1172 442 1232 ut
462 1171 674 1252 peccatores
696 1155 815 1229 salvos
837 1156 995 1253 faceret,
1022 1181 1181 1253 quorum

119 1259 255 1357 primus
268 1255 342 1353 ipse
362 1255 499 1350 suisset,
523 1256 608 1349 quid
624 1254 769 1349 adjicit?
797 1258 844 1329 Et
858 1258 1180 1353 misericordiarum

107 1360 319 1448 ¹consecutus,
353 1362 500 1455 quoniam
518 1364 665 1449 ignorans
685 1355 753 1448 feci
775 1359 812 1426 in
831 1360 1066 1433 incredulitate.
1122 1360 1180 1439 Ita

121 1457 311 1533 clementia
333 1456 394 1529 illa
416 1455 486 1529 Dei
513 1455 677 1531 malentis
703 1456 947 1548 penitentiam
971 1462 1181 1553 peccatoris

119 1578 226 1651 quarn
240 1570 417 1649 mortem,
445 1553 489 1630 ad
505 1557 713 1653 ignorantes
736 1554 853 1628 adhuc
875 1556 911 1629 dc
929 1556 1045 1633 adhue
1064 1562 1183 1637 incre-

119 1654 403 1749 dulos-spectat,
429 1674 584 1747 quorum
607 1652 721 1728 caussa
744 1654 1009 1733 liberandorum
1035 1662 1184 1737 venerit

119 1754 301 1849 Christus,
326 1776 402 1829 non
418 1754 478 1848 qui
492 1754 565 1847 jam
577 1754 697 1827 Deum
710 1753 855 1846 norint,
874 1755 1182 1839 &sacramentum

119 1857 310 1933 didicerint
323 1852 417 1929 fidei.
469 1852 620 1953 Quodsi
635 1853 823 1927 clementia
839 1854 912 1927 Dei
928 1856 1179 1953 ignorantibus

120 1957 236 2031 adhuc
259 1952 515 2028 &infidelibus
535 1954 735 2049 competit,
767 1953 894 2046 utique
915 1956 949 2029 δι
967 1958 1180 2050 poenitentia

119 2052 210 2130 adse
229 2056 452 2127 clementiam
468 2054 620 2146 invitat,
645 2048 741 2124 salva
752 2054 810 2125 illa
826 2056 1045 2145 prenitentiae
1057 2054 1181 2149 specie

117 2155 200 2248 post
224 2150 359 2246 fidem,
392 2174 469 2244 quae
495 2166 556 2225 aut
579 2151 778 2225 levioribus
804 2150 937 2228 delictis
963 2156 1100 2228 veniam
1126 2160 1177 2230 ab

117 2253 300 2347 Episcopo
322 2251 492 2344 consequi
508 2250 668 2345 poterit,
695 2266 756 2324 aut
769 2252 963 2344 majoribus
979 2252 1179 2330 &irremis-

116 2355 272 2431 fibilibus
288 2354 402 2427 aDeo
415 2351 507 2427 solo.

196 2472 253 2543 19.
279 2452 349 2527 Sed
372 2472 527 2545 quonam
545 2469 660 2543 usque
679 2448 722 2526 de
741 2450 874 2547 Paulo,
907 2451 1050 2545 quando
1065 2452 1178 2532 etiam

115 2554 275 2653 Joannes
292 2550 414 2626 nescio
435 2550 520 2644 quid
536 2550 683 2625 diversae
702 2554 792 2646 parti
808 2552 1040 2648 supplaudere
1052 2554 1179 2629 videa·

116 2653 201 2727 turs
234 2652 327 2746 quast
346 2653 385 2725 in
404 2650 622 2746 Apocalypsi
642 2652 825 2728 manifeste
849 2651 1084 2727 fornicationi
1106 2672 1178 2749 po·

116 2754 223 2829 suerit
254 2753 471 2847 poenitentiae
496 2752 687 2844 auxilium,
712 2753 775 2826 ubi
800 2751 843 2827 ad
864 2755 1027 2849 angelum
1050 2751 1186 2847 Thya?

114 2857 315 2925 tirenorum
339 2851 479 2945 spiritus
504 2850 648 2926 mandat
672 2852 805 2926 habere
829 2850 864 2927 se
888 2850 1053 2925 adversos
1074 2873 1175 2948 eum,

115 2951 214 3043 quod
236 2963 377 3024 teneret
396 2952 581 3024 mulierem
598 2946 736 3046 Jezabed
758 2954 871 3050 quase
895 2956 1069 3049 Propterea
1091 2956 1175 3026 dicit

112 3056 154 3127 (5
168 3054 269 3136 decer,
290 3050 511 3147 atqueseducir
519 3054 628 3137 servos
645 3072 722 3121 meos
738 3051 1012 3146 adfomicandum
1028 3053 1065 3128 Θ
1085 3054 1176 3125 eden·

113 3154 188 3224 dum
204 3150 240 3222 de
257 3150 451 3245 idolothytis.
505 3150 552 3221 Et
565 3150 701 3243 largitus
712 3151 783 3239 sum
800 3153 852 3224 illi
865 3157 1010 3249 temporis
1017 3154 1174 3247 spatione,

113 3270 152 3326 ut
164 3255 386 3350 penitentiam
404 3254 524 3336 iniret,
550 3274 605 3320 nec
621 3250 697 3321 velt
713 3274 778 3323 eam
791 3256 877 3323 inire
887 3258 1014 3323 nomine
1021 3248 1173 3347 fornica·

113 3356 223 3428 rionis.
277 3351 353 3421 Ecce
370 3350 444 3422 dado
457 3372 522 3420 eom
538 3355 576 3421 in
593 3347 724 3438 Ictium,
749 3349 788 3429 (5
802 3353 927 3423 mmhor
942 3357 1008 3452 ejus
1023 3377 1090 3422 cum
1105 3350 1174 3449 ipsa

114 3460 157 3527 in
174 3456 344 3525 maximam
357 3446 550 3546 preffirram,
583 3448 642 3544 nifi
662 3456 882 3544 penitentiam
904 3457 1023 3545 egerim
1046 3472 1173 3543 operum

112 3561 192 3654 ejus.
224 3550 323 3625 Bene
338 3566 456 3624 autem
472 3546 570 3642 quod
583 3548 768 3644 Apostolis
782 3552 817 3625 dc
831 3547 915 3628 fidei
931 3550 965 3625 dc
981 3547 1174 3646 disciplina

13 3652 16 3657 '
111 3654 242 3752 regulis
258 3649 447 3726 convenit.
499 3653 578 3721 Sive
595 3656 679 3721 enim
699 3676 767 3745 ego,
791 3652 929 3745 inquit,
953 3653 1019 3745 five
1037 3656 1107 3737 illi,
1131 3650 1174 3741 fic

108 3757 323 3851 praedicamur.
373 3746 508 3824 Totius
525 3747 646 3840 itaque
661 3747 867 3827 sacramenti
886 3750 1056 3843 interest,
1081 3750 1173 3827 nihil

112 3850 261 3926 credere
281 3851 326 3926 ab
337 3848 484 4025 1lloanne
506 3844 732 3941 concessum,
759 3852 858 3943 quod
880 3850 1029 3925 aPaulo
1049 3848 1092 3924 sit
1111 3848 1172 3927 de·

110 3964 290 4048 negatum.
376 3970 441 4024 ane
452 3948 687 4043 equalitatem
703 3948 842 4043 spiritua
857 3947 962 4025 sancti
976 3948 1035 4041 qui
1050 3944 1173 4024 obser·

110 4051 271 4143 voverit,
290 4051 333 4123 ab
349 4048 426 4143 ipso
447 4046 644 4125 deducetur
654 4046 691 4121 in
704 4046 820 4125 sensus
835 4051 923 4146 ejus.
956 4048 1177 4126 Haereticam

112 4146 404 4247 enimseminam
431 4147 620 4253 quaequod
636 4145 811 4229 didicerat
825 4172 847 4229 a
861 4148 1078 4243 Nicolaitis,
1106 4146 1174 4225 do·

1036 4268 1122 4323 cere
