2468 4530
327 468 402 525 rra
448 446 872 531 Parranrra.
1080 474 1127 555 79

59 610 116 689 nis
130 610 296 687 imitatus
309 610 369 687 est.
419 610 519 687 Hinc
531 613 593 685 vel
603 612 755 688 maxime
769 610 929 687 Pharisaei
940 614 1127 693 dominum

61 708 260 811 agnoscere
276 710 464 787 debuistis:
488 712 695 805 patientiam
713 712 919 805 hujusmodi
934 736 1041 791 nemo
1058 719 1126 799 bo·

60 814 197 887 ninum
214 824 453 905 perpetraret.
489 808 593 885 Talia
605 826 776 906 tantaque
790 814 1020 909 documenta,
1035 838 1126 909 quo·

58 926 138 987 ruru
155 910 371 1007 magnimdo
392 932 504 1004 penes
519 914 687 986 nationes
704 914 845 1005 quidem
858 912 1069 989 detrec'latio
1082 914 1123 990 fi·

58 1010 117 1085 dei
134 1006 210 1104 est,
236 1031 350 1103 penes
368 1031 435 1096 nos
453 1030 545 1085 vero
562 1013 659 1085 ratio
674 1011 886 1101 &struffio,
906 1012 988 1087 satis
1002 1032 1123 1107 aperte

59 1130 136 1185 non
151 1106 379 1185 sermonibus
392 1110 504 1185 modo
521 1113 559 1185 in
572 1111 837 1207 praecipiendo,
855 1112 914 1187 sed
929 1114 1037 1187 etiam
1053 1114 1124 1206 pas·

59 1210 222 1285 donibus
242 1208 382 1283 'domini
403 1208 629 1305 sustinendo,
661 1213 842 1304 probant,
877 1213 958 1306 his,
992 1214 1123 1307 quibus

61 1310 211 1385 medere
225 1309 347 1383 dauun
365 1306 436 1402 est,
461 1311 669 1407 patientiam
684 1310 757 1385 Dei
773 1309 844 1385 else
863 1326 1046 1409 naturam,
1073 1314 1125 1387 es·

60 1408 194 1525 setium
227 1407 263 1483 dt
292 1406 526 1503 praestantiam
557 1413 723 1507 ingenita
750 1410 932 1504 cujusdam
961 1414 1124 1508 proprie·

129 1632 170 1701 4.
194 1606 345 1705 Igitursr
358 1610 498 1705 probos
514 1630 679 1703 quosque
691 1606 837 1705 servos,
856 1608 1014 1684 &bonae
1026 1632 1124 1689 men·

59 1708 105 1783 tis
125 1730 199 1805 pro
221 1709 367 1805 ingenio
387 1708 572 1783 dominico
592 1708 798 1785 conversari
816 1711 981 1785 videmus
1002 1708 1124 1806 (nqui-

61 1808 140 1885 dem
166 1804 358 1883 artificium
378 1810 608 1903 promerendi
631 1805 839 1901 obsequium
857 1809 927 1885 est:
963 1810 1123 1901 obsequii

61 1928 152 1983 vero
169 1909 370 2002 disciplina,
394 1908 572 2005 morigera
587 1907 758 2003 subjettio
774 1910 846 2007 est)
860 1925 997 2001 quanto
1012 1912 1122 2006 magis

61 2028 128 2083 nor
141 2006 337 2085 secundum
350 2028 515 2083 moratos
533 2011 689 2081 inveniri
705 2008 884 2103 oportet?
908 2010 1045 2083 Servos
1058 2012 1121 2085 ici-

12 2158 16 2178 .
61 2108 146 2183 licet
163 2106 239 2182 Dei
258 2108 359 2199 vivi,
386 2110 487 2200 cujus
502 2109 674 2201 iudicium
690 2110 728 2181 in
745 2108 850 2204 suos,
874 2131 952 2184 non
967 2111 1005 2184 in
1024 2132 1122 2187 conr·

61 2209 180 2303 pede,
217 2221 281 2281 ant
305 2208 403 2303 pileo
431 2212 613 2301 vertitur,
649 2206 709 2281 sed
734 2211 770 2282 in
794 2212 1017 2305 eternitate,
1059 2226 1121 2285 aut

12 2354 18 2382 r
59 2330 195 2401 poenae,
223 2321 285 2381 aut
302 2306 431 2383 salutis.
489 2306 556 2381 Cui
577 2307 757 2382 severitati
781 2310 1027 2405 declinandae,
1058 2311 1120 2385 vei

60 2408 263 2483 liberalitati
281 2408 500 2502 invitanda,
533 2412 633 2481 tanta
652 2406 811 2501 obsequii
828 2410 1010 2506 diligentia
1028 2430 1121 2502 opus

11 2545 16 2606 l
60 2507 132 2601 est,
159 2522 290 2600 quanta
303 2505 384 2581 sunt
398 2506 491 2601 ipsa,
517 2530 594 2599 qua
607 2521 669 2581 aut
682 2508 851 2582 severitas
868 2513 1120 2599 comminatur,

62 2622 122 2681 aut
138 2606 334 2683 liberalitas
356 2608 561 2699 pollicetur.
611 2606 662 2677 Et
675 2623 797 2679 tumen
811 2629 881 2680 nos
900 2608 1038 2679 nonde
1054 2606 1123 2677 ho·

11 2784 14 2799 ,
61 2708 215 2782 minibus
233 2705 348 2783 modo
371 2702 545 2777 servitute
561 2702 747 2796 subnixis,
781 2706 842 2775 vel
863 2704 1026 2794 quolibet
1051 2704 1121 2777 alio

10 2810 14 2821 '
60 2807 136 2899 iure
165 2805 392 2881 debitoribus
414 2802 599 2895 obsequii,
631 2802 884 2877 verumetiam
909 2804 952 2875 de
979 2802 1122 2895 pecudi·

62 2908 152 3002 bus,
185 2907 294 2982 etiam
315 2906 360 2979 de
381 2902 499 2977 bestiis
523 2902 764 2976 obedientiam
783 2904 1036 2998 exprimimus,
1069 2904 1121 2979 in·

63 3007 264 3105 telligentes
282 3006 400 3079 usrbus
414 3002 544 3078 nostris
563 3026 621 3077 eas
637 3024 657 3075 a
671 3002 820 3076 domino
837 3004 997 3096 provisas
1014 3004 1121 3079 tradi-

11 3156 14 3173 .
63 3118 196 3200 terque.
247 3102 405 3178 Meliora
429 3123 517 3199 ergo
537 3102 643 3177 nobis
667 3116 773 3175 erunt
789 3105 827 3177 in
844 3102 1003 3195 obsequii
1023 3104 1120 3177 disci·

63 3206 180 3300 plina,
208 3226 286 3298 quae
305 3205 412 3277 nobis
433 3202 533 3277 Deus
555 3200 701 3275 subditi
735 3200 950 3297 Agnoscunt
966 3204 1122 3296 denique

65 3324 136 3395 qua
152 3306 351 3396 obediunt,
368 3324 450 3378 nos.
503 3301 570 3375 Cui
587 3302 652 3375 soli
667 3300 795 3375 subditi
811 3302 947 3393 sumus,
969 3304 1120 3375 domino

64 3400 198 3481 scilicet
216 3402 411 3478 auscultare
424 3401 654 3475 dubitamus?
681 3400 734 3472 At
751 3422 854 3492 quam
873 3402 1039 3493 injustum
1056 3398 1121 3493 est,

64 3522 166 3595 quarn
196 3506 302 3579 etiarn
325 3503 526 3601 ingratum,
554 3500 652 3593 quod
680 3519 744 3593 per
768 3504 912 3577 alterius
939 3500 1122 3596 indulgen-

63 3605 146 3681 liam
168 3605 215 3679 de
235 3605 309 3677 abis
334 3601 582 3692 consequaris,
606 3599 699 3673 idem
720 3602 771 3673 illi
791 3620 980 3695 perquem
1000 3596 1123 3673 conse·

64 3706 204 3799 queris,
232 3704 278 3777 de
295 3701 485 3798 temetipso
508 3722 584 3774 non
602 3699 809 3793 rependere.
859 3700 942 3771 Nec
963 3698 1121 3790 pluribus

63 3806 106 3879 de
124 3804 286 3895 obsequii
304 3801 529 3877 exhibitione
552 3798 671 3873 debita
696 3800 837 3873 anobis
860 3797 1008 3870 domino
1023 3796 1122 3873 Deo.

63 3902 154 3979 Satis
177 3904 273 3977 eninr
296 3902 430 3998 agnitio
447 3899 517 3973 Dei
539 3898 621 3990 qnid
637 3896 699 3970 fibi
715 3899 920 3987 incumbat,
945 3900 1123 3993 intelligit

62 4002 122 4080 Ne
139 4020 259 4077 tamen
274 4016 317 4074 ut
332 4014 541 4074 extraneum
560 3999 604 4071 de
626 3996 800 4089 obsequio
816 3997 1000 4071 videamur
1014 4000 1124 4069 inter-

62 4101 205 4199 jecisse,
229 4098 341 4201 ipsum
366 4119 511 4197 quoque
533 4096 741 4207 obsequium
761 4096 807 4175 de
829 4100 1003 4195 patientia
1017 4093 1127 4175 uubi-

1013 4212 1096 4283 WB
