<?xml version="1.0" encoding="UTF-8"?>
<!DOCTYPE html PUBLIC "-//W3C//DTD XHTML 1.0 Transitional//EN"
    "http://www.w3.org/TR/xhtml1/DTD/xhtml1-transitional.dtd">
<html xmlns="http://www.w3.org/1999/xhtml" xml:lang="en" lang="en">
 <head>
  <title>
</title>
<meta http-equiv="Content-Type" content="text/html;charset=utf-8" />
  <meta name='ocr-system' content='tesseract 3.04.00' />
  <meta name='ocr-capabilities' content='ocr_page ocr_carea ocr_par ocr_line ocrx_word'/>
</head>
<body>
  <div class='ocr_page' id='page_1' title='image "./operaomniasanct03librgoog_0143.png"; bbox 0 0 2400 4590; ppageno 0'>
   <div class='ocr_carea' id='block_1_1' title="bbox 98 514 1043 622">
    <p class='ocr_par' dir='ltr' id='par_1_1' title="bbox 98 514 1043 622">
     <span class='ocr_line' id='line_1_1' title="bbox 98 514 1043 622; baseline -0.004 -22"><span class='ocrx_word' id='word_1_1' title='bbox 98 514 179 601; x_wconf 84' lang='lat'>120‘</span> <span class='ocrx_word' id='word_1_2' title='bbox 263 517 986 622; x_wconf 70' lang='lat' dir='ltr'>Q.81trr.1⁴&#39;toru&#39;rrnrutn1nnr</span> <span class='ocrx_word' id='word_1_3' title='bbox 1041 588 1043 596; x_wconf 92' lang='lat'>.</span> 
     </span>
    </p>
   </div>
   <div class='ocr_carea' id='block_1_2' title="bbox 37 679 1184 4344">
    <p class='ocr_par' dir='ltr' id='par_1_2' title="bbox 45 679 1169 1675">
     <span class='ocr_line' id='line_1_2' title="bbox 96 679 1160 775; baseline -0.008 -13"><span class='ocrx_word' id='word_1_4' title='bbox 96 682 260 763; x_wconf 85' lang='lat' dir='ltr'>Secunda</span> <span class='ocrx_word' id='word_1_5' title='bbox 279 683 410 759; x_wconf 87' lang='lat' dir='ltr'>iterum</span> <span class='ocrx_word' id='word_1_6' title='bbox 425 680 559 775; x_wconf 80' lang='lat' dir='ltr'>species</span> <span class='ocrx_word' id='word_1_7' title='bbox 582 680 835 755; x_wconf 78' lang='lat' dir='ltr'>consideranda</span> <span class='ocrx_word' id='word_1_8' title='bbox 850 680 900 757; x_wconf 92' lang='lat' dir='ltr'>est</span> <span class='ocrx_word' id='word_1_9' title='bbox 914 700 1013 773; x_wconf 80' lang='lat' dir='ltr'>purae</span> <span class='ocrx_word' id='word_1_10' title='bbox 1028 679 1160 753; x_wconf 87' lang='lat' dir='ltr'>volun·</span> 
     </span>
     <span class='ocr_line' id='line_1_3' title="bbox 96 779 1161 875; baseline -0.005 -16"><span class='ocrx_word' id='word_1_11' title='bbox 96 785 195 863; x_wconf 77' lang='lat' dir='ltr'>tatis,</span> <span class='ocrx_word' id='word_1_12' title='bbox 230 780 338 854; x_wconf 73' lang='lat' dir='ltr'>&#39;Vult</span> <span class='ocrx_word' id='word_1_13' title='bbox 354 801 424 855; x_wconf 90' lang='lat' dir='ltr'>nos</span> <span class='ocrx_word' id='word_1_14' title='bbox 444 780 546 854; x_wconf 87' lang='lat' dir='ltr'>Deus</span> <span class='ocrx_word' id='word_1_15' title='bbox 569 780 633 854; x_wconf 86' lang='lat' dir='ltr'>fibi</span> <span class='ocrx_word' id='word_1_16' title='bbox 655 781 785 875; x_wconf 77' lang='lat' dir='ltr'>placita</span> <span class='ocrx_word' id='word_1_17' title='bbox 807 779 842 852; x_wconf 91' lang='lat' dir='ltr'>in</span> <span class='ocrx_word' id='word_1_18' title='bbox 863 782 991 873; x_wconf 87' lang='lat' dir='ltr'>quibus</span> <span class='ocrx_word' id='word_1_19' title='bbox 1008 798 1085 850; x_wconf 94' lang='lat' dir='ltr'>non</span> <span class='ocrx_word' id='word_1_20' title='bbox 1108 781 1161 855; x_wconf 87' lang='lat' dir='ltr'>in·</span> 
     </span>
     <span class='ocr_line' id='line_1_4' title="bbox 81 876 1162 979; baseline -0.009 -20"><span class='ocrx_word' id='word_1_21' title='bbox 81 880 281 979; x_wconf 75' lang='lat' dir='ltr'><strong>,dulgentia</strong></span> <span class='ocrx_word' id='word_1_22' title='bbox 295 882 465 977; x_wconf 78' lang='lat' dir='ltr'>operatur</span> <span class='ocrx_word' id='word_1_23' title='bbox 480 882 747 974; x_wconf 84' lang='lat' dir='ltr'>patrocinatur,</span> <span class='ocrx_word' id='word_1_24' title='bbox 772 879 832 953; x_wconf 85' lang='lat' dir='ltr'>sed</span> <span class='ocrx_word' id='word_1_25' title='bbox 848 878 1030 974; x_wconf 85' lang='lat' dir='ltr'>disciplina</span> <span class='ocrx_word' id='word_1_26' title='bbox 1047 876 1162 951; x_wconf 91' lang='lat' dir='ltr'>domi·</span> 
     </span>
     <span class='ocr_line' id='line_1_5' title="bbox 60 977 1164 1078; baseline -0.01 -17"><span class='ocrx_word' id='word_1_27' title='bbox 60 1065 65 1078; x_wconf 66' lang='grc'><strong>,</strong></span> <span class='ocrx_word' id='word_1_28' title='bbox 96 997 214 1061; x_wconf 77' lang='lat' dir='ltr'>nutrit.</span> <span class='ocrx_word' id='word_1_29' title='bbox 265 977 302 1052; x_wconf 88' lang='lat' dir='ltr'>Si</span> <span class='ocrx_word' id='word_1_30' title='bbox 322 995 444 1054; x_wconf 85' lang='lat' dir='ltr'>tamen</span> <span class='ocrx_word' id='word_1_31' title='bbox 467 979 556 1071; x_wconf 80' lang='lat' dir='ltr'>alia,</span> <span class='ocrx_word' id='word_1_32' title='bbox 582 979 645 1056; x_wconf 85' lang='lat' dir='ltr'>ista</span> <span class='ocrx_word' id='word_1_33' title='bbox 660 982 838 1072; x_wconf 82' lang='lat' dir='ltr'>proponit</span> <span class='ocrx_word' id='word_1_34' title='bbox 855 980 978 1071; x_wconf 91' lang='lat' dir='ltr'>utique</span> <span class='ocrx_word' id='word_1_35' title='bbox 996 994 1074 1069; x_wconf 76' lang='lat' dir='ltr'>qua</span> <span class='ocrx_word' id='word_1_36' title='bbox 1090 999 1164 1051; x_wconf 83' lang='lat' dir='ltr'>ma-</span> 
     </span>
     <span class='ocr_line' id='line_1_6' title="bbox 97 1075 1169 1181; baseline -0.01 -24"><span class='ocrx_word' id='word_1_37' title='bbox 97 1081 151 1181; x_wconf 79' lang='lat' dir='ltr'>gis</span> <span class='ocrx_word' id='word_1_38' title='bbox 174 1076 285 1174; x_wconf 81' lang='lat' dir='ltr'>vult,</span> <span class='ocrx_word' id='word_1_39' title='bbox 312 1078 506 1153; x_wconf 75' lang='lat' dir='ltr'>dubiumne</span> <span class='ocrx_word' id='word_1_40' title='bbox 530 1077 580 1153; x_wconf 89' lang='lat' dir='ltr'>est</span> <span class='ocrx_word' id='word_1_41' title='bbox 601 1102 642 1152; x_wconf 90' lang='lat' dir='ltr'>ea</span> <span class='ocrx_word' id='word_1_42' title='bbox 668 1080 774 1152; x_wconf 87' lang='lat' dir='ltr'>nobis</span> <span class='ocrx_word' id='word_1_43' title='bbox 799 1079 952 1155; x_wconf 82' lang='lat' dir='ltr'>taxanda</span> <span class='ocrx_word' id='word_1_44' title='bbox 969 1075 1057 1170; x_wconf 84' lang='lat' dir='ltr'>effe,</span> <span class='ocrx_word' id='word_1_45' title='bbox 1085 1096 1169 1171; x_wconf 18' lang='lat' dir='ltr'>quae·</span> 
     </span>
     <span class='ocr_line' id='line_1_7' title="bbox 97 1177 1164 1272; baseline -0.007 -19"><span class='ocrx_word' id='word_1_46' title='bbox 97 1181 259 1270; x_wconf 75' lang='lat' dir='ltr'>mavult,</span> <span class='ocrx_word' id='word_1_47' title='bbox 286 1200 389 1272; x_wconf 92' lang='lat' dir='ltr'>quam</span> <span class='ocrx_word' id='word_1_48' title='bbox 412 1202 476 1270; x_wconf 73' lang='lat' dir='ltr'>ea,</span> <span class='ocrx_word' id='word_1_49' title='bbox 503 1200 579 1271; x_wconf 87' lang='lat' dir='ltr'>quae</span> <span class='ocrx_word' id='word_1_50' title='bbox 600 1179 714 1253; x_wconf 89' lang='lat' dir='ltr'>minus</span> <span class='ocrx_word' id='word_1_51' title='bbox 737 1178 845 1253; x_wconf 71' lang='lat' dir='ltr'>vult?</span> <span class='ocrx_word' id='word_1_52' title='bbox 880 1178 954 1272; x_wconf 90' lang='lat' dir='ltr'>Qui</span> <span class='ocrx_word' id='word_1_53' title='bbox 971 1179 1037 1251; x_wconf 87' lang='lat' dir='ltr'>alia</span> <span class='ocrx_word' id='word_1_54' title='bbox 1051 1177 1164 1271; x_wconf 85' lang='lat' dir='ltr'>magis</span> 
     </span>
     <span class='ocr_line' id='line_1_8' title="bbox 97 1276 1166 1376; baseline -0.008 -21"><span class='ocrx_word' id='word_1_55' title='bbox 97 1282 210 1371; x_wconf 90' lang='lat' dir='ltr'>vult,</span> <span class='ocrx_word' id='word_1_56' title='bbox 242 1278 397 1376; x_wconf 89' lang='lat' dir='ltr'>proinde</span> <span class='ocrx_word' id='word_1_57' title='bbox 414 1279 578 1352; x_wconf 90' lang='lat' dir='ltr'>habenda</span> <span class='ocrx_word' id='word_1_58' title='bbox 595 1276 700 1372; x_wconf 87' lang='lat' dir='ltr'>sunt,</span> <span class='ocrx_word' id='word_1_59' title='bbox 726 1300 808 1352; x_wconf 87' lang='lat' dir='ltr'>nam</span> <span class='ocrx_word' id='word_1_60' title='bbox 829 1276 980 1351; x_wconf 91' lang='lat' dir='ltr'>ostendo</span> <span class='ocrx_word' id='word_1_61' title='bbox 997 1296 1074 1368; x_wconf 87' lang='lat' dir='ltr'>quae</span> <span class='ocrx_word' id='word_1_62' title='bbox 1091 1296 1166 1349; x_wconf 87' lang='lat' dir='ltr'>ma·</span> 
     </span>
     <span class='ocr_line' id='line_1_9' title="bbox 98 1377 1168 1479; baseline -0.005 -27"><span class='ocrx_word' id='word_1_63' title='bbox 98 1381 152 1479; x_wconf 80' lang='lat' dir='ltr'>gis</span> <span class='ocrx_word' id='word_1_64' title='bbox 169 1378 273 1470; x_wconf 75' lang='lat' dir='ltr'>velit,</span> <span class='ocrx_word' id='word_1_65' title='bbox 284 1379 460 1453; x_wconf 90' lang='lat' dir='ltr'>minorem</span> <span class='ocrx_word' id='word_1_66' title='bbox 475 1380 705 1451; x_wconf 88' lang='lat' dir='ltr'>voluntatem</span> <span class='ocrx_word' id='word_1_67' title='bbox 719 1379 856 1470; x_wconf 85' lang='lat' dir='ltr'>majore</span> <span class='ocrx_word' id='word_1_68' title='bbox 869 1378 1015 1450; x_wconf 84' lang='lat' dir='ltr'>delevit.</span> <span class='ocrx_word' id='word_1_69' title='bbox 1043 1377 1168 1471; x_wconf 86' lang='lat' dir='ltr'>Quan-</span> 
     </span>
     <span class='ocr_line' id='line_1_10' title="bbox 56 1470 1169 1574; baseline -0.004 -21"><span class='ocrx_word' id='word_1_70' title='bbox 56 1476 59 1483; x_wconf 81' lang='grc'><strong>’</strong></span> <span class='ocrx_word' id='word_1_71' title='bbox 97 1491 215 1571; x_wconf 86' lang='lat' dir='ltr'>toque</span> <span class='ocrx_word' id='word_1_72' title='bbox 228 1478 369 1551; x_wconf 85' lang='lat' dir='ltr'>notitiae</span> <span class='ocrx_word' id='word_1_73' title='bbox 382 1493 452 1553; x_wconf 78' lang='lat' dir='ltr'>tuae</span> <span class='ocrx_word' id='word_1_74' title='bbox 467 1492 654 1569; x_wconf 89' lang='lat' dir='ltr'>utramque</span> <span class='ocrx_word' id='word_1_75' title='bbox 664 1476 867 1572; x_wconf 68' lang='lat' dir='ltr'>proposuit,</span> <span class='ocrx_word' id='word_1_76' title='bbox 880 1491 985 1550; x_wconf 89' lang='lat' dir='ltr'>tanto</span> <span class='ocrx_word' id='word_1_77' title='bbox 1001 1470 1169 1574; x_wconf 85' lang='lat' dir='ltr'>definivit</span> 
     </span>
     <span class='ocr_line' id='line_1_11' title="bbox 45 1574 1169 1675; baseline 0.001 -23"><span class='ocrx_word' id='word_1_78' title='bbox 45 1596 49 1604; x_wconf 84' lang='lat'>&#39;</span> <span class='ocrx_word' id='word_1_79' title='bbox 98 1578 139 1661; x_wconf 80' lang='lat' dir='ltr'>id</span> <span class='ocrx_word' id='word_1_80' title='bbox 160 1591 198 1655; x_wconf 91' lang='lat' dir='ltr'>te</span> <span class='ocrx_word' id='word_1_81' title='bbox 221 1574 343 1654; x_wconf 70' lang='lat' dir='ltr'>sectari</span> <span class='ocrx_word' id='word_1_82' title='bbox 368 1577 531 1670; x_wconf 90' lang='lat' dir='ltr'>debere,</span> <span class='ocrx_word' id='word_1_83' title='bbox 564 1578 662 1675; x_wconf 93' lang='lat' dir='ltr'>quod</span> <span class='ocrx_word' id='word_1_84' title='bbox 716 1577 833 1651; x_wconf 84' lang='lat' dir='ltr'>aravit</span> <span class='ocrx_word' id='word_1_85' title='bbox 856 1592 894 1650; x_wconf 88' lang='lat' dir='ltr'>te</span> <span class='ocrx_word' id='word_1_86' title='bbox 919 1575 1029 1672; x_wconf 79' lang='lat' dir='ltr'>magis</span> <span class='ocrx_word' id='word_1_87' title='bbox 1059 1574 1169 1654; x_wconf 86' lang='lat' dir='ltr'>velle.</span> 
     </span>
    </p>

    <p class='ocr_par' dir='ltr' id='par_1_3' title="bbox 37 1600 1184 4343">
     <span class='ocr_line' id='line_1_12' title="bbox 99 1600 1168 1775; baseline -0.006 -24"><span class='ocrx_word' id='word_1_88' title='bbox 99 1674 202 1775; x_wconf 87' lang='lat' dir='ltr'>Ergo</span> <span class='ocrx_word' id='word_1_89' title='bbox 216 1676 242 1751; x_wconf 80' lang='lat' dir='ltr'>st</span> <span class='ocrx_word' id='word_1_90' title='bbox 256 1676 341 1749; x_wconf 90' lang='lat' dir='ltr'>ideo</span> <span class='ocrx_word' id='word_1_91' title='bbox 363 1676 559 1751; x_wconf 84' lang='lat' dir='ltr'>declaravit</span> <span class='ocrx_word' id='word_1_92' title='bbox 572 1679 626 1750; x_wconf 91' lang='lat' dir='ltr'>uti</span> <span class='ocrx_word' id='word_1_93' title='bbox 639 1600 801 1771; x_wconf 51' lang='lat' dir='ltr'>sederis,</span> <span class='ocrx_word' id='word_1_94' title='bbox 829 1676 927 1768; x_wconf 87' lang='lat' dir='ltr'>quod</span> <span class='ocrx_word' id='word_1_95' title='bbox 944 1675 1053 1771; x_wconf 83' lang='lat' dir='ltr'>tnagis</span> <span class='ocrx_word' id='word_1_96' title='bbox 1070 1674 1168 1767; x_wconf 88' lang='lat' dir='ltr'>vult,</span> 
     </span>
     <span class='ocr_line' id='line_1_13' title="bbox 99 1771 1171 1870; baseline -0.007 -15"><span class='ocrx_word' id='word_1_97' title='bbox 99 1777 176 1855; x_wconf 78' lang='lat' dir='ltr'>sine</span> <span class='ocrx_word' id='word_1_98' title='bbox 199 1776 310 1853; x_wconf 91' lang='lat' dir='ltr'>dubio</span> <span class='ocrx_word' id='word_1_99' title='bbox 333 1776 394 1851; x_wconf 81' lang='lat' dir='ltr'>nist</span> <span class='ocrx_word' id='word_1_100' title='bbox 417 1779 467 1849; x_wconf 87' lang='lat' dir='ltr'>ita</span> <span class='ocrx_word' id='word_1_101' title='bbox 489 1774 598 1870; x_wconf 85' lang='lat' dir='ltr'>facis,</span> <span class='ocrx_word' id='word_1_102' title='bbox 627 1796 756 1852; x_wconf 89' lang='lat' dir='ltr'>contra</span> <span class='ocrx_word' id='word_1_103' title='bbox 774 1779 1003 1852; x_wconf 89' lang='lat' dir='ltr'>voluntatem</span> <span class='ocrx_word' id='word_1_104' title='bbox 1025 1774 1100 1867; x_wconf 88' lang='lat' dir='ltr'>ejus</span> <span class='ocrx_word' id='word_1_105' title='bbox 1120 1771 1171 1847; x_wconf 84' lang='lat' dir='ltr'>sa·</span> 
     </span>
     <span class='ocr_line' id='line_1_14' title="bbox 101 1875 1169 1976; baseline -0.004 -27"><span class='ocrx_word' id='word_1_106' title='bbox 101 1877 183 1975; x_wconf 69' lang='lat' dir='ltr'>pis,</span> <span class='ocrx_word' id='word_1_107' title='bbox 211 1875 378 1969; x_wconf 88' lang='lat' dir='ltr'>sapiendo</span> <span class='ocrx_word' id='word_1_108' title='bbox 393 1892 521 1952; x_wconf 86' lang='lat' dir='ltr'>contra</span> <span class='ocrx_word' id='word_1_109' title='bbox 535 1877 719 1976; x_wconf 87' lang='lat' dir='ltr'>potiorem</span> <span class='ocrx_word' id='word_1_110' title='bbox 736 1878 811 1970; x_wconf 86' lang='lat' dir='ltr'>ejus</span> <span class='ocrx_word' id='word_1_111' title='bbox 828 1877 1079 1968; x_wconf 86' lang='lat' dir='ltr'>voluntatem,</span> <span class='ocrx_word' id='word_1_112' title='bbox 1095 1892 1169 1946; x_wconf 87' lang='lat' dir='ltr'>ma·</span> 
     </span>
     <span class='ocr_line' id='line_1_15' title="bbox 101 1972 1170 2078; baseline -0.002 -31"><span class='ocrx_word' id='word_1_113' title='bbox 101 1977 230 2073; x_wconf 81' lang='lat' dir='ltr'>gisque</span> <span class='ocrx_word' id='word_1_114' title='bbox 251 1973 406 2050; x_wconf 88' lang='lat' dir='ltr'>offendis</span> <span class='ocrx_word' id='word_1_115' title='bbox 430 1998 534 2069; x_wconf 86' lang='lat' dir='ltr'>quam</span> <span class='ocrx_word' id='word_1_116' title='bbox 558 1977 785 2071; x_wconf 84' lang='lat' dir='ltr'>promereris.</span> <span class='ocrx_word' id='word_1_117' title='bbox 847 1974 959 2078; x_wconf 87' lang='lat' dir='ltr'>Quod</span> <span class='ocrx_word' id='word_1_118' title='bbox 989 1974 1070 2045; x_wconf 89' lang='lat' dir='ltr'>vult</span> <span class='ocrx_word' id='word_1_119' title='bbox 1094 1972 1170 2064; x_wconf 85' lang='lat' dir='ltr'>qui-</span> 
     </span>
     <span class='ocr_line' id='line_1_16' title="bbox 103 2070 1171 2169; baseline -0.005 -20"><span class='ocrx_word' id='word_1_120' title='bbox 103 2075 187 2149; x_wconf 89' lang='lat' dir='ltr'>dem</span> <span class='ocrx_word' id='word_1_121' title='bbox 205 2074 394 2167; x_wconf 81' lang='lat' dir='ltr'>faciendo,</span> <span class='ocrx_word' id='word_1_122' title='bbox 428 2078 588 2167; x_wconf 84' lang='lat' dir='ltr'>mavult,</span> <span class='ocrx_word' id='word_1_123' title='bbox 616 2074 840 2169; x_wconf 85' lang='lat' dir='ltr'>respuendo,</span> <span class='ocrx_word' id='word_1_124' title='bbox 867 2097 912 2148; x_wconf 87' lang='lat' dir='ltr'>ex</span> <span class='ocrx_word' id='word_1_125' title='bbox 938 2087 1039 2167; x_wconf 85' lang='lat' dir='ltr'>parte</span> <span class='ocrx_word' id='word_1_126' title='bbox 1059 2070 1171 2145; x_wconf 90' lang='lat' dir='ltr'>delin-</span> 
     </span>
     <span class='ocr_line' id='line_1_17' title="bbox 105 2173 1170 2269; baseline -0.001 -23"><span class='ocrx_word' id='word_1_127' title='bbox 105 2178 208 2267; x_wconf 86' lang='lat' dir='ltr'>quis,</span> <span class='ocrx_word' id='word_1_128' title='bbox 235 2195 311 2251; x_wconf 86' lang='lat' dir='ltr'>non</span> <span class='ocrx_word' id='word_1_129' title='bbox 337 2188 458 2253; x_wconf 84' lang='lat' dir='ltr'>tamen</span> <span class='ocrx_word' id='word_1_130' title='bbox 482 2176 709 2269; x_wconf 84' lang='lat' dir='ltr'>promereris.</span> <span class='ocrx_word' id='word_1_131' title='bbox 774 2175 890 2249; x_wconf 92' lang='lat' dir='ltr'>Porro</span> <span class='ocrx_word' id='word_1_132' title='bbox 914 2173 948 2247; x_wconf 77' lang='lat' dir='ltr'>dt</span> <span class='ocrx_word' id='word_1_133' title='bbox 972 2173 1170 2268; x_wconf 91' lang='lat' dir='ltr'>promereri</span> 
     </span>
     <span class='ocr_line' id='line_1_18' title="bbox 37 2274 1172 2369; baseline -0.009 -17"><span class='ocrx_word' id='word_1_134' title='bbox 37 2342 41 2352; x_wconf 89' lang='lat'><em>.</em></span> <span class='ocrx_word' id='word_1_135' title='bbox 103 2276 234 2366; x_wconf 76' lang='lat' dir='ltr'>nolle,</span> <span class='ocrx_word' id='word_1_136' title='bbox 273 2274 480 2369; x_wconf 85' lang='lat' dir='ltr'>delinquere</span> <span class='ocrx_word' id='word_1_137' title='bbox 505 2274 565 2348; x_wconf 82' lang='lat' dir='ltr'>cst&#39;.</span> <span class='ocrx_word' id='word_1_138' title='bbox 616 2275 818 2349; x_wconf 78' lang='lat' dir='ltr'>Sectutdum</span> <span class='ocrx_word' id='word_1_139' title='bbox 843 2276 963 2366; x_wconf 87' lang='lat' dir='ltr'>itaque</span> <span class='ocrx_word' id='word_1_140' title='bbox 989 2274 1172 2345; x_wconf 85' lang='lat' dir='ltr'>matrimo-</span> 
     </span>
     <span class='ocr_line' id='line_1_19' title="bbox 105 2372 1171 2468; baseline -0.008 -17"><span class='ocrx_word' id='word_1_141' title='bbox 105 2372 244 2451; x_wconf 82' lang='lat' dir='ltr'>niumfi</span> <span class='ocrx_word' id='word_1_142' title='bbox 261 2374 380 2446; x_wconf 82' lang='lat' dir='ltr'>exilia</span> <span class='ocrx_word' id='word_1_143' title='bbox 401 2374 472 2446; x_wconf 91' lang='lat' dir='ltr'>Dei</span> <span class='ocrx_word' id='word_1_144' title='bbox 495 2377 713 2466; x_wconf 86' lang='lat' dir='ltr'>voluntate,</span> <span class='ocrx_word' id='word_1_145' title='bbox 740 2397 817 2468; x_wconf 79' lang='lat' dir='ltr'>quae</span> <span class='ocrx_word' id='word_1_146' title='bbox 835 2375 1054 2468; x_wconf 82' lang='lat' dir='ltr'>indulgentia</span> <span class='ocrx_word' id='word_1_147' title='bbox 1072 2372 1171 2467; x_wconf 87' lang='lat' dir='ltr'>cogi-</span> 
     </span>
     <span class='ocr_line' id='line_1_20' title="bbox 106 2468 1171 2586; baseline -0.003 -37"><span class='ocrx_word' id='word_1_148' title='bbox 106 2486 189 2566; x_wconf 85' lang='lat' dir='ltr'>tur,</span> <span class='ocrx_word' id='word_1_149' title='bbox 223 2474 433 2586; x_wconf 76' lang='lat' dir='ltr'>negavimus</span> <span class='ocrx_word' id='word_1_150' title='bbox 455 2495 617 2566; x_wconf 81' lang='lat' dir='ltr'>meram,</span> <span class='ocrx_word' id='word_1_151' title='bbox 653 2476 711 2546; x_wconf 90' lang='lat' dir='ltr'>cui</span> <span class='ocrx_word' id='word_1_152' title='bbox 734 2474 950 2570; x_wconf 83' lang='lat' dir='ltr'>indulgenda</span> <span class='ocrx_word' id='word_1_153' title='bbox 970 2470 1019 2545; x_wconf 87' lang='lat' dir='ltr'>est</span> <span class='ocrx_word' id='word_1_154' title='bbox 1043 2468 1171 2564; x_wconf 78' lang='lat' dir='ltr'>caussa,</span> 
     </span>
     <span class='ocr_line' id='line_1_21' title="bbox 104 2571 1172 2668; baseline -0.007 -18"><span class='ocrx_word' id='word_1_155' title='bbox 104 2572 136 2650; x_wconf 80' lang='lat' dir='ltr'><strong>fi</strong></span> <span class='ocrx_word' id='word_1_156' title='bbox 158 2596 200 2646; x_wconf 86' lang='lat' dir='ltr'>ea</span> <span class='ocrx_word' id='word_1_157' title='bbox 225 2594 283 2645; x_wconf 83' lang='lat' dir='ltr'>ctu</span> <span class='ocrx_word' id='word_1_158' title='bbox 304 2576 429 2665; x_wconf 86' lang='lat' dir='ltr'>potior</span> <span class='ocrx_word' id='word_1_159' title='bbox 454 2575 519 2645; x_wconf 85' lang='lat' dir='ltr'>alia</span> <span class='ocrx_word' id='word_1_160' title='bbox 543 2575 787 2668; x_wconf 75' lang='lat' dir='ltr'>preponitur,</span> <span class='ocrx_word' id='word_1_161' title='bbox 811 2573 1042 2647; x_wconf 79' lang='lat' dir='ltr'>continentiae</span> <span class='ocrx_word' id='word_1_162' title='bbox 1061 2571 1172 2666; x_wconf 80' lang='lat' dir='ltr'>magis</span> 
     </span>
     <span class='ocr_line' id='line_1_22' title="bbox 109 2668 1172 2769; baseline -0.008 -19"><span class='ocrx_word' id='word_1_163' title='bbox 109 2671 319 2769; x_wconf 79' lang='lat' dir='ltr'>appetendae</span> <span class='ocrx_word' id='word_1_164' title='bbox 341 2671 564 2747; x_wconf 88' lang='lat' dir='ltr'>didicerimus</span> <span class='ocrx_word' id='word_1_165' title='bbox 585 2695 660 2749; x_wconf 90' lang='lat' dir='ltr'>non</span> <span class='ocrx_word' id='word_1_166' title='bbox 679 2675 862 2767; x_wconf 86' lang='lat' dir='ltr'>potiorem</span> <span class='ocrx_word' id='word_1_167' title='bbox 880 2696 899 2745; x_wconf 87' lang='lat' dir='ltr'>a</span> <span class='ocrx_word' id='word_1_168' title='bbox 914 2675 1061 2767; x_wconf 89' lang='lat' dir='ltr'>potiore</span> <span class='ocrx_word' id='word_1_169' title='bbox 1085 2668 1172 2743; x_wconf 88' lang='lat' dir='ltr'>scin·</span> 
     </span>
     <span class='ocr_line' id='line_1_23' title="bbox 109 2768 1173 2866; baseline -0.002 -23"><span class='ocrx_word' id='word_1_170' title='bbox 109 2772 157 2846; x_wconf 91' lang='lat' dir='ltr'>di.</span> <span class='ocrx_word' id='word_1_171' title='bbox 209 2773 297 2844; x_wconf 79' lang='lat' dir='ltr'>Haec</span> <span class='ocrx_word' id='word_1_172' title='bbox 319 2772 601 2866; x_wconf 78' lang='lat' dir='ltr'>prcestruxerim‚</span> <span class='ocrx_word' id='word_1_173' title='bbox 638 2788 680 2848; x_wconf 89' lang='lat' dir='ltr'>ut</span> <span class='ocrx_word' id='word_1_174' title='bbox 701 2775 773 2866; x_wconf 86' lang='lat' dir='ltr'>jam</span> <span class='ocrx_word' id='word_1_175' title='bbox 799 2772 968 2866; x_wconf 83' lang='lat' dir='ltr'>Apostoli</span> <span class='ocrx_word' id='word_1_176' title='bbox 993 2791 1091 2842; x_wconf 91' lang='lat' dir='ltr'>voce</span> <span class='ocrx_word' id='word_1_177' title='bbox 1114 2768 1173 2842; x_wconf 87' lang='lat' dir='ltr'>de·</span> 
     </span>
     <span class='ocr_line' id='line_1_24' title="bbox 111 2870 1173 2970; baseline -0.002 -27"><span class='ocrx_word' id='word_1_178' title='bbox 111 2890 261 2945; x_wconf 83' lang='lat' dir='ltr'>curram.</span> <span class='ocrx_word' id='word_1_179' title='bbox 312 2871 354 2943; x_wconf 86' lang='lat' dir='ltr'>lu</span> <span class='ocrx_word' id='word_1_180' title='bbox 378 2873 497 2963; x_wconf 83' lang='lat' dir='ltr'>primis</span> <span class='ocrx_word' id='word_1_181' title='bbox 522 2886 737 2945; x_wconf 85' lang='lat' dir='ltr'>autemnon</span> <span class='ocrx_word' id='word_1_182' title='bbox 762 2874 917 2945; x_wconf 88' lang='lat' dir='ltr'>videbor</span> <span class='ocrx_word' id='word_1_183' title='bbox 942 2870 1173 2970; x_wconf 81' lang='lat' dir='ltr'>irreligiosus,</span> 
     </span>
     <span class='ocr_line' id='line_1_25' title="bbox 109 2966 1174 3066; baseline 0.004 -29"><span class='ocrx_word' id='word_1_184' title='bbox 109 2969 137 3046; x_wconf 82' lang='lat' dir='ltr'>sl</span> <span class='ocrx_word' id='word_1_185' title='bbox 162 2966 244 3058; x_wconf 89' lang='lat' dir='ltr'>quid</span> <span class='ocrx_word' id='word_1_186' title='bbox 269 2968 341 3061; x_wconf 85' lang='lat' dir='ltr'>ipse</span> <span class='ocrx_word' id='word_1_187' title='bbox 361 2966 554 3061; x_wconf 87' lang='lat' dir='ltr'>profitetur</span> <span class='ocrx_word' id='word_1_188' title='bbox 584 2973 816 3043; x_wconf 78' lang='lat' dir='ltr'>continentiae</span> <span class='ocrx_word' id='word_1_189' title='bbox 835 2972 944 3066; x_wconf 82' lang='lat' dir='ltr'>magis</span> <span class='ocrx_word' id='word_1_190' title='bbox 964 2970 1174 3064; x_wconf 81' lang='lat' dir='ltr'>appetendae</span> 
     </span>
     <span class='ocr_line' id='line_1_26' title="bbox 111 3067 1176 3161; baseline 0 -18"><span class='ocrx_word' id='word_1_191' title='bbox 111 3067 306 3143; x_wconf 87' lang='lat' dir='ltr'>didicerim.</span> <span class='ocrx_word' id='word_1_192' title='bbox 364 3068 440 3161; x_wconf 88' lang='lat' dir='ltr'>Jam</span> <span class='ocrx_word' id='word_1_193' title='bbox 469 3069 745 3143; x_wconf 85' lang='lat' dir='ltr'>animadvertam</span> <span class='ocrx_word' id='word_1_194' title='bbox 773 3091 917 3148; x_wconf 90' lang='lat' dir='ltr'>omnem</span> <span class='ocrx_word' id='word_1_195' title='bbox 943 3072 1036 3142; x_wconf 90' lang='lat' dir='ltr'>illam</span> <span class='ocrx_word' id='word_1_196' title='bbox 1061 3068 1176 3143; x_wconf 86' lang='lat' dir='ltr'>indui·</span> 
     </span>
     <span class='ocr_line' id='line_1_27' title="bbox 111 3166 1176 3266; baseline 0.002 -27"><span class='ocrx_word' id='word_1_197' title='bbox 111 3166 267 3266; x_wconf 82' lang='lat' dir='ltr'>gentium</span> <span class='ocrx_word' id='word_1_198' title='bbox 284 3168 487 3258; x_wconf 82' lang='lat' dir='ltr'>nuptiarum</span> <span class='ocrx_word' id='word_1_199' title='bbox 508 3167 551 3240; x_wconf 93' lang='lat' dir='ltr'>de</span> <span class='ocrx_word' id='word_1_200' title='bbox 568 3167 651 3257; x_wconf 80' lang='lat' dir='ltr'>suo,</span> <span class='ocrx_word' id='word_1_201' title='bbox 677 3169 712 3241; x_wconf 92' lang='lat' dir='ltr'>id</span> <span class='ocrx_word' id='word_1_202' title='bbox 729 3169 799 3255; x_wconf 69' lang='lat' dir='ltr'>est,</span> <span class='ocrx_word' id='word_1_203' title='bbox 826 3171 870 3243; x_wconf 91' lang='lat' dir='ltr'>de</span> <span class='ocrx_word' id='word_1_204' title='bbox 887 3169 1042 3244; x_wconf 85' lang='lat' dir='ltr'>humano</span> <span class='ocrx_word' id='word_1_205' title='bbox 1060 3167 1176 3258; x_wconf 75' lang='lat' dir='ltr'>sensu,</span> 
     </span>
     <span class='ocr_line' id='line_1_28' title="bbox 111 3264 1179 3364; baseline -0.005 -21"><span class='ocrx_word' id='word_1_206' title='bbox 111 3287 191 3343; x_wconf 85' lang='lat' dir='ltr'>nou</span> <span class='ocrx_word' id='word_1_207' title='bbox 208 3264 252 3337; x_wconf 88' lang='lat' dir='ltr'>de</span> <span class='ocrx_word' id='word_1_208' title='bbox 269 3264 394 3343; x_wconf 87' lang='lat' dir='ltr'>divino</span> <span class='ocrx_word' id='word_1_209' title='bbox 413 3266 617 3364; x_wconf 73' lang='lat' dir='ltr'>prescripto</span> <span class='ocrx_word' id='word_1_210' title='bbox 636 3268 819 3346; x_wconf 75' lang='lat' dir='ltr'>induxisse.</span> <span class='ocrx_word' id='word_1_211' title='bbox 870 3268 964 3341; x_wconf 86' lang='lat' dir='ltr'>Nam</span> <span class='ocrx_word' id='word_1_212' title='bbox 984 3270 1018 3341; x_wconf 75' lang='grc' dir='ltr'>δι</span> <span class='ocrx_word' id='word_1_213' title='bbox 1035 3290 1115 3341; x_wconf 90' lang='lat' dir='ltr'>cum</span> <span class='ocrx_word' id='word_1_214' title='bbox 1133 3268 1179 3343; x_wconf 92' lang='lat' dir='ltr'>de</span> 
     </span>
     <span class='ocr_line' id='line_1_29' title="bbox 113 3365 1178 3462; baseline 0.001 -24"><span class='ocrx_word' id='word_1_215' title='bbox 113 3365 231 3441; x_wconf 89' lang='lat' dir='ltr'>viduis</span> <span class='ocrx_word' id='word_1_216' title='bbox 248 3367 405 3460; x_wconf 87' lang='lat' dir='ltr'>innuptis</span> <span class='ocrx_word' id='word_1_217' title='bbox 423 3365 586 3445; x_wconf 84' lang='lat' dir='ltr'>delinivit</span> <span class='ocrx_word' id='word_1_218' title='bbox 601 3370 654 3440; x_wconf 88' lang='lat' dir='ltr'>uti</span> <span class='ocrx_word' id='word_1_219' title='bbox 669 3371 824 3462; x_wconf 83' lang='lat' dir='ltr'>nubant,</span> <span class='ocrx_word' id='word_1_220' title='bbox 850 3369 874 3441; x_wconf 86' lang='lat' dir='ltr'>ll</span> <span class='ocrx_word' id='word_1_221' title='bbox 890 3371 1080 3442; x_wconf 92' lang='lat' dir='ltr'>continere</span> <span class='ocrx_word' id='word_1_222' title='bbox 1097 3388 1178 3439; x_wconf 90' lang='lat' dir='ltr'>non</span> 
     </span>
     <span class='ocr_line' id='line_1_30' title="bbox 112 3464 1178 3571; baseline 0 -34"><span class='ocrx_word' id='word_1_223' title='bbox 112 3464 282 3564; x_wconf 76' lang='lat' dir='ltr'>poliunt,</span> <span class='ocrx_word' id='word_1_224' title='bbox 311 3467 390 3555; x_wconf 87' lang='lat' dir='ltr'>quia</span> <span class='ocrx_word' id='word_1_225' title='bbox 410 3469 534 3541; x_wconf 86' lang='lat' dir='ltr'>melius</span> <span class='ocrx_word' id='word_1_226' title='bbox 556 3469 606 3545; x_wconf 88' lang='lat' dir='ltr'>est</span> <span class='ocrx_word' id='word_1_227' title='bbox 626 3470 740 3543; x_wconf 82' lang='lat' dir='ltr'>nubere</span> <span class='ocrx_word' id='word_1_228' title='bbox 763 3495 858 3571; x_wconf 82' lang='lat' dir='ltr'>quam</span> <span class='ocrx_word' id='word_1_229' title='bbox 879 3475 950 3553; x_wconf 82' lang='lat' dir='ltr'>uri,</span> <span class='ocrx_word' id='word_1_230' title='bbox 979 3465 1178 3541; x_wconf 87' lang='lat' dir='ltr'>conversus</span> 
     </span>
     <span class='ocr_line' id='line_1_31' title="bbox 115 3562 1180 3664; baseline -0.008 -21"><span class='ocrx_word' id='word_1_231' title='bbox 115 3564 160 3641; x_wconf 76' lang='lat' dir='ltr'>ad</span> <span class='ocrx_word' id='word_1_232' title='bbox 181 3567 281 3639; x_wconf 76' lang='lat' dir='ltr'>aliam</span> <span class='ocrx_word' id='word_1_233' title='bbox 306 3562 478 3664; x_wconf 79' lang='lat' dir='ltr'>speciem,</span> <span class='ocrx_word' id='word_1_234' title='bbox 506 3576 618 3660; x_wconf 67' lang='lat' dir='ltr'>eruptio</span> <span class='ocrx_word' id='word_1_235' title='bbox 634 3587 737 3643; x_wconf 81' lang='lat' dir='ltr'>autem</span> <span class='ocrx_word' id='word_1_236' title='bbox 751 3571 920 3653; x_wconf 84' lang='lat' dir='ltr'>denuncio,</span> <span class='ocrx_word' id='word_1_237' title='bbox 949 3568 1085 3660; x_wconf 72' lang='lat' dir='ltr'>inquit,</span> <span class='ocrx_word' id='word_1_238' title='bbox 1112 3591 1180 3636; x_wconf 83' lang='lat' dir='ltr'>nou</span> 
     </span>
     <span class='ocr_line' id='line_1_32' title="bbox 115 3666 1182 3763; baseline 0.008 -33"><span class='ocrx_word' id='word_1_239' title='bbox 115 3690 182 3755; x_wconf 74' lang='lat' dir='ltr'>ega,</span> <span class='ocrx_word' id='word_1_240' title='bbox 203 3667 255 3752; x_wconf 72' lang='lat' dir='ltr'>sed</span> <span class='ocrx_word' id='word_1_241' title='bbox 272 3669 433 3735; x_wconf 77' lang='lat' dir='ltr'>dominus:</span> <span class='ocrx_word' id='word_1_242' title='bbox 464 3670 513 3741; x_wconf 89' lang='lat' dir='ltr'>ita</span> <span class='ocrx_word' id='word_1_243' title='bbox 531 3667 685 3741; x_wconf 88' lang='lat' dir='ltr'>ostendit</span> <span class='ocrx_word' id='word_1_244' title='bbox 704 3686 804 3744; x_wconf 86' lang='lat' dir='ltr'>extra</span> <span class='ocrx_word' id='word_1_245' title='bbox 822 3669 1001 3742; x_wconf 88' lang='lat' dir='ltr'>rationem</span> <span class='ocrx_word' id='word_1_246' title='bbox 1018 3666 1182 3763; x_wconf 83' lang='lat' dir='ltr'>personae</span> 
     </span>
     <span class='ocr_line' id='line_1_33' title="bbox 115 3762 1182 3867; baseline 0 -26"><span class='ocrx_word' id='word_1_247' title='bbox 115 3762 184 3841; x_wconf 82' lang='lat' dir='ltr'>suae</span> <span class='ocrx_word' id='word_1_248' title='bbox 198 3764 234 3840; x_wconf 91' lang='lat' dir='ltr'>in</span> <span class='ocrx_word' id='word_1_249' title='bbox 256 3764 374 3841; x_wconf 84' lang='lat' dir='ltr'>Deum</span> <span class='ocrx_word' id='word_1_250' title='bbox 388 3766 446 3857; x_wconf 81' lang='lat' dir='ltr'>id,</span> <span class='ocrx_word' id='word_1_251' title='bbox 476 3768 571 3860; x_wconf 86' lang='lat' dir='ltr'>quod</span> <span class='ocrx_word' id='word_1_252' title='bbox 591 3767 693 3867; x_wconf 86' lang='lat' dir='ltr'>supra</span> <span class='ocrx_word' id='word_1_253' title='bbox 710 3770 868 3855; x_wconf 81' lang='lat' dir='ltr'>dixerat,</span> <span class='ocrx_word' id='word_1_254' title='bbox 896 3769 932 3842; x_wconf 92' lang='lat' dir='ltr'>id</span> <span class='ocrx_word' id='word_1_255' title='bbox 948 3789 1024 3841; x_wconf 89' lang='lat' dir='ltr'>non</span> <span class='ocrx_word' id='word_1_256' title='bbox 1040 3790 1083 3840; x_wconf 81' lang='lat' dir='ltr'>ex</span> <span class='ocrx_word' id='word_1_257' title='bbox 1100 3788 1182 3861; x_wconf 79' lang='lat' dir='ltr'>por·</span> 
     </span>
     <span class='ocr_line' id='line_1_34' title="bbox 114 3861 1183 3964; baseline -0.008 -25"><span class='ocrx_word' id='word_1_258' title='bbox 114 3861 204 3939; x_wconf 83' lang='lat' dir='ltr'>sona</span> <span class='ocrx_word' id='word_1_259' title='bbox 222 3863 378 3958; x_wconf 82' lang='lat' dir='ltr'>domini,</span> <span class='ocrx_word' id='word_1_260' title='bbox 405 3866 462 3941; x_wconf 89' lang='lat' dir='ltr'>sed</span> <span class='ocrx_word' id='word_1_261' title='bbox 487 3889 531 3937; x_wconf 83' lang='lat' dir='ltr'>ex</span> <span class='ocrx_word' id='word_1_262' title='bbox 554 3866 613 3939; x_wconf 85' lang='lat' dir='ltr'>sua</span> <span class='ocrx_word' id='word_1_263' title='bbox 631 3869 902 3961; x_wconf 79' lang='lat' dir='ltr'>pronunciaile‚</span> <span class='ocrx_word' id='word_1_264' title='bbox 930 3870 1040 3938; x_wconf 80' lang='lat' dir='ltr'>meiius</span> <span class='ocrx_word' id='word_1_265' title='bbox 1061 3869 1100 3964; x_wconf 65' lang='lat' dir='ltr'>esi</span> <span class='ocrx_word' id='word_1_266' title='bbox 1117 3894 1183 3936; x_wconf 73' lang='lat' dir='ltr'>nu.</span> 
     </span>
     <span class='ocr_line' id='line_1_35' title="bbox 118 3964 1184 4064; baseline 0.008 -32"><span class='ocrx_word' id='word_1_267' title='bbox 118 3964 186 4032; x_wconf 79' lang='lat' dir='ltr'>bera</span> <span class='ocrx_word' id='word_1_268' title='bbox 204 3989 295 4063; x_wconf 78' lang='lat' dir='ltr'>quom</span> <span class='ocrx_word' id='word_1_269' title='bbox 310 3975 372 4044; x_wconf 75' lang='lat' dir='ltr'>uri.</span> <span class='ocrx_word' id='word_1_270' title='bbox 426 3970 517 4064; x_wconf 81' lang='lat' dir='ltr'>Quae</span> <span class='ocrx_word' id='word_1_271' title='bbox 534 3986 613 4041; x_wconf 83' lang='lat' dir='ltr'>vox</span> <span class='ocrx_word' id='word_1_272' title='bbox 634 3968 720 4040; x_wconf 88' lang='lat' dir='ltr'>iicet</span> <span class='ocrx_word' id='word_1_273' title='bbox 739 3969 782 4040; x_wconf 83' lang='lat' dir='ltr'>ad</span> <span class='ocrx_word' id='word_1_274' title='bbox 805 3991 869 4041; x_wconf 84' lang='lat' dir='ltr'>eos</span> <span class='ocrx_word' id='word_1_275' title='bbox 889 3968 1093 4062; x_wconf 63' lang='lat' dir='ltr'>pertineat„</span> <span class='ocrx_word' id='word_1_276' title='bbox 1122 3969 1184 4060; x_wconf 87' lang='lat' dir='ltr'>qui</span> 
     </span>
     <span class='ocr_line' id='line_1_36' title="bbox 119 4058 1183 4157; baseline 0.004 -19"><span class='ocrx_word' id='word_1_277' title='bbox 119 4058 200 4138; x_wconf 87' lang='lat' dir='ltr'>sunt</span> <span class='ocrx_word' id='word_1_278' title='bbox 231 4065 363 4154; x_wconf 80' lang='lat' dir='ltr'>nupti,</span> <span class='ocrx_word' id='word_1_279' title='bbox 399 4069 458 4138; x_wconf 83' lang='lat' dir='ltr'>uel</span> <span class='ocrx_word' id='word_1_280' title='bbox 484 4064 630 4155; x_wconf 81' lang='lat' dir='ltr'>viduae,</span> <span class='ocrx_word' id='word_1_281' title='bbox 665 4068 725 4157; x_wconf 89' lang='lat' dir='ltr'>qui</span> <span class='ocrx_word' id='word_1_282' title='bbox 752 4082 870 4141; x_wconf 80' lang='lat' dir='ltr'>tomen</span> <span class='ocrx_word' id='word_1_283' title='bbox 891 4070 1047 4146; x_wconf 85' lang='lat' dir='ltr'>nubendi</span> <span class='ocrx_word' id='word_1_284' title='bbox 1074 4069 1183 4142; x_wconf 78' lang='lat' dir='ltr'>licen</span> 
     </span>
     <span class='ocr_line' id='line_1_37' title="bbox 118 4162 1184 4343; baseline -0.001 -103"><span class='ocrx_word' id='word_1_285' title='bbox 118 4165 205 4241; x_wconf 84' lang='lat' dir='ltr'>tiam</span> <span class='ocrx_word' id='word_1_286' title='bbox 230 4162 505 4263; x_wconf 75' lang='lat' dir='ltr'>empieituntur,</span> <span class='ocrx_word' id='word_1_287' title='bbox 541 4165 650 4243; x_wconf 85' lang='lat' dir='ltr'>velim</span> <span class='ocrx_word' id='word_1_288' title='bbox 671 4166 882 4262; x_wconf 72' lang='lat' dir='ltr'>retrodare,</span> <span class='ocrx_word' id='word_1_289' title='bbox 916 4172 1020 4264; x_wconf 87' lang='lat' dir='ltr'>quale</span> <span class='ocrx_word' id='word_1_290' title='bbox 1040 4170 1184 4343; x_wconf 45' lang='lat' dir='ltr'>¹{onum</span> 
     </span>
    </p>

    <p class='ocr_par' dir='ltr' id='par_1_4' title="bbox 319 4292 1132 4344">
     <span class='ocr_line' id='line_1_38' title="bbox 319 4292 1132 4344; baseline 0.001 -1"><span class='ocrx_word' id='word_1_291' title='bbox 319 4320 321 4325; x_wconf 90' lang='lat'><em>-</em></span> <span class='ocrx_word' id='word_1_292' title='bbox 1013 4292 1037 4342; x_wconf 93' lang='lat' dir='ltr'>o</span> <span class='ocrx_word' id='word_1_293' title='bbox 1072 4292 1132 4344; x_wconf 88' lang='lat' dir='ltr'>en·</span> 
     </span>
    </p>
   </div>
   <div class='ocr_carea' id='block_1_3' title="bbox 0 0 1223 4590">
    <p class='ocr_par' dir='ltr' id='par_1_5' title="bbox 0 0 1223 4590">
     <span class='ocr_line' id='line_1_39' title="bbox 0 0 1223 4590; baseline 0 0"><span class='ocrx_word' id='word_1_294' title='bbox 0 0 1223 4590; x_wconf 95' lang='lat' dir='ltr'> </span> 
     </span>
    </p>
   </div>
  </div>
 </body>
</html>
