2400 4590
303 538 381 599 oa
427 518 883 601 Monnoaarra.
1045 542 1115 617 rsa

56 686 345 775 mlaetenentur,
369 682 466 757 unde
481 683 686 780 monogami
699 684 736 758 in
756 680 914 757 clerum?
944 682 1003 760 iln
1016 684 1113 761 ordo

55 787 185 879 aliquis
213 780 366 856 seorsum
394 783 540 855 debebit
562 782 693 857 institui
716 804 1032 879 monogamorum,
1065 783 1113 859 de

55 908 133 981 apro
152 882 294 957 allectio
319 876 383 953 liat
400 882 438 953 in
457 880 618 957 cleruml
654 882 725 957 Sed
746 905 826 957 cum
849 885 1054 957 extollimur
1078 884 1114 957 dr

54 986 224 1061 inflamur
237 978 403 1055 adversus
426 981 579 1075 clermn,
605 994 694 1055 tune
709 1004 818 1057 unum
837 1004 964 1059 omnes
983 980 1114 1077 sumus,

55 1100 147 1161 nme
169 1102 296 1159 omnes
315 1078 535 1153 sacerdotes:
560 1082 642 1173 quia
660 1080 822 1159 sacerdmes
840 1108 897 1153 nas
918 1091 985 1155 iren
1004 1080 1044 1159 σ
1059 1104 1116 1175 pa-

56 1192 106 1261 rri
117 1186 212 1277 jeria
270 1178 361 1253 Cum
376 1178 418 1251 ad
432 1180 731 1275 perequationem
749 1180 936 1276 disciplinae
951 1182 1116 1257 sacerdo·

58 1286 137 1359 talis
148 1296 417 1379 provocamur,
443 1276 655 1371 deponimus
669 1280 817 1367 insulas,
844 1282 1044 1379 &impares
1062 1280 1115 1355 su-

60 1404 148 1461 mus.
209 1380 267 1453 De
293 1374 530 1451 ecelesiasticis
552 1376 736 1455 ordinibus
762 1382 958 1475 agebatur,
991 1384 1113 1475 quales

60 1480 220 1557 ordinari
242 1488 445 1573 oporteret.
501 1471 708 1569 Oportebat
726 1480 833 1576 igitur
852 1502 995 1553 ornnem
1014 1502 1112 1557 com·

60 1582 175 1659 munia
206 1577 392 1668 discipline
415 1572 566 1649 sormam
598 1572 658 1651 sua
679 1576 804 1651 fronte
825 1581 1009 1673 proponi,
1040 1580 1113 1655 edi·

61 1680 154 1757 dum
185 1672 452 1773 quodammodo
484 1672 643 1749 suturmn
673 1678 845 1753 universis
875 1680 1113 1773 imprellione,

61 1800 134 1875 quo
154 1780 266 1875 magis
291 1772 397 1847 sciret
421 1772 522 1865 plebs
547 1793 628 1848 eum
650 1775 811 1851 ordinem
836 1778 898 1851 srbi
921 1777 1119 1853 observata.

62 1878 169 1973 dum,
199 1878 259 1973 qui
283 1876 421 1950 faceret
438 1871 667 1965 prepositos:
700 1874 735 1947 dr
758 1898 805 1949 ne
824 1880 884 1951 vel
901 1877 973 1972 ipse
992 1880 1115 1953 honor

64 1979 192 2075 aliquid
206 1977 268 2054 libi
283 1972 327 2047 ad
338 1970 537 2061 licentiam,
556 1972 649 2063 quan
663 1972 709 2047 de
723 1975 913 2071 privilegio
927 1978 1000 2049 loci
1016 1978 1114 2053 blan·

63 2076 187 2154 dianar.
246 2069 488 2165 Prospiciebat
512 2067 654 2164 spiritus
676 2072 810 2149 sandius
832 2074 987 2149 diduros
1005 2098 1112 2168 qrroa·

63 2178 164 2269 dam,
190 2176 310 2249 omnia
328 2170 440 2244 licent
462 2168 661 2265 episcopis,
684 2175 772 2247 ficut
791 2176 853 2249 ille
871 2175 989 2249 vester
1006 2176 1114 2251 Uthi-

62 2280 190 2361 oensrs,
209 2296 279 2349 nec
296 2268 509 2343 Scantiniam
523 2270 651 2347 timuit
702 2277 808 2373 Quot
824 2277 917 2349 enim
937 2276 1113 2373 &digami

64 2377 248 2471 praesrdent
277 2368 369 2462 apud
393 2389 491 2459 voa,
532 2370 738 2449 insultantes
761 2377 885 2467 utique
910 2374 1111 2467 Apostolo:

64 2492 161 2551 certe
178 2495 256 2548 non
271 2468 541 2559 erubescentes,
567 2491 647 2544 cum
663 2473 737 2546 haec
754 2474 815 2548 sub
830 2476 898 2547 illis
916 2475 1110 2569 leguntur?

63 2580 141 2675 lige
155 2577 227 2668 jam
246 2574 304 2663 qui
316 2581 418 2662 putas
442 2568 693 2660 exceptionem
711 2576 945 2668 monogamia
960 2577 1005 2646 de
1024 2576 1112 2663 epis·

63 2677 167 2769 copis
188 2671 336 2745 fastam:
366 2666 497 2739 recede
519 2666 553 2736 δι
574 2688 595 2739 a
618 2672 761 2761 reliquis
783 2674 855 2742 tuis
876 2673 991 2741 titulis
1015 2669 1113 2742 disci·

86 2778 192 2865 linae,
226 2772 286 2863 qui
317 2787 397 2841 cum
425 2767 650 2859 monogamia
675 2769 850 2862 episcopis
880 2766 1112 2847 ascribuntur.

60 2794 151 2948 iloli
173 2868 244 2945 ess‘e
259 2863 559 2965 insparkcnfiiilir,
579 2864 719 2955 sobrius,
746 2874 818 2939 berre
833 2883 994 2954 moratus,
1018 2896 1114 2941 arara·

62 2990 134 3059 aar,
158 2972 339 3067 hospitalis,
363 2964 520 3037 docibilis:
544 2966 628 3055 quin
648 2988 737 3042 vero
759 2969 793 3041 &
812 2976 889 3039 virro
909 2970 1048 3057 deditur,
1073 2971 1114 3047 θ’

61 3098 160 3145 arana
171 3089 314 3168 promtus
331 3071 371 3141 ad
384 3065 557 3137 radendam
572 3062 611 3141 U
622 3087 766 3163 pugnax,
792 3069 972 3164 &pecunia
989 3097 1113 3157 amans,

64 3172 232 3245 &domm
245 3196 311 3241 nan
324 3189 444 3262 regem,
467 3164 801 3252 ascaloniarum
816 3170 1031 3261 diciplinam,
1055 3170 1115 3244 sed

64 3294 135 3344 nec
152 3274 198 3345 ab
210 3276 371 3341 extraneis
390 3264 499 3333 barm
508 3261 630 3353 famam
643 3269 777 3354 sesiam.
827 3269 1002 3344 Sedenim
1019 3268 1113 3343 suam

64 3370 201 3445 habent
217 3368 384 3463 Episcopi
396 3365 510 3457 legem
526 3361 620 3438 circa
631 3370 911 3466 monogamiam,
930 3370 1034 3441 etiam
1049 3387 1113 3439 cae·

66 3482 143 3542 tera
158 3491 237 3564 que
251 3464 486 3565 monogamiae
508 3463 678 3540 accedere
694 3469 901 3562 oportebit,
926 3465 1112 3561 Episcopis

65 3584 171 3643 erunt
196 3567 335 3662 scripta.
391 3560 510 3635 Laicis
527 3580 646 3658 vero,
671 3569 769 3659 queis
790 3567 1015 3661 monogamia
1036 3585 1113 3642 non

67 3669 270 3760 convenit,
293 3682 420 3742 cetera
436 3680 579 3751 quoque
596 3666 707 3741 aliena
726 3664 816 3739 sunt.
873 3662 1018 3736 Evasrsti
1034 3662 1116 3756 Psy·

67 3772 190 3857 chice,
214 3768 368 3859 srvelis,
392 3758 536 3836 vincula
550 3759 736 3859 discipline
751 3768 875 3839 totius.
927 3761 1114 3839 Praescribe

67 3869 292 3958 constanter,
324 3885 400 3939 non
420 3858 584 3931 omnibus
608 3868 774 3959 praecipi,
809 3885 885 3955 qrrae
907 3862 1115 3953 quibusdam

65 3968 135 4042 sint
151 3982 346 4060 praecepta:
377 3976 439 4037 aut
458 3956 483 4029 st
503 3970 629 4037 caetera
649 3967 788 4056 quidem
806 3964 1005 4037 communia
1018 3961 1113 4055 sunt,

66 4069 293 4165 monogamia
315 4085 407 4139 vero
427 4055 509 4136 solis
527 4052 712 4238 Effscopis
733 4062 894 4157 imposta
918 4060 994 4155 est,
1026 4080 1117 4235 narn·

618 4185 639 4255 5
982 4179 1043 4253 ‘lul
