2400 4590
177 460 184 473 “
221 493 284 553 nr
315 474 748 553 Rrauaarerrone
780 492 974 575 etanta.
1058 492 1129 569 533

69 637 159 715 Deo
185 633 310 713 nostro
336 635 480 709 cedunt
539 635 716 731 Quantus
731 632 878 725 hirst
913 632 992 708 satis
1019 636 1129 731 nosti,

72 737 133 850 qui
149 736 292 809 unicum
305 732 521 809 credidistis
541 732 716 827 Incipiat
702 754 774 825 Jam
792 734 896 807 tibi
871 754 956 807 caro
971 736 1128 830 placere,

72 837 173 926 cujus
190 834 317 909 artifex
333 848 454 909 tantur
471 820 532 907 est.
578 831 649 905 Sed
663 830 698 905 de
712 833 910 907 mrmdus
871 835 1036 925 ,anquir,
1055 835 1127 914 Dei

71 955 164 1026 opus
184 930 253 1026 est,
280 933 315 1007 ἃ
332 946 450 1006 tamen
461 937 605 1027 prateae
621 932 750 1003 habitur
765 934 1006 1030 hujusmundi,
1025 931 1129 1026 Apo.

68 1032 164 1106 stolo
181 1044 327 1122 quoque
348 1030 504 1106 audiere.
555 1029 638 1105 Nec
654 1030 790 1104 idcirco
810 1029 989 1103 restitutio
1001 1034 1126 1111 mundi

67 1128 374 1223 praejudicabitur,
401 1131 482 1221 quia
497 1130 568 1204 Dei
589 1151 681 1226 opus
702 1130 770 1203 est:
805 1132 978 1221 &utique
1000 1131 1025 1203 ιι
1047 1134 1126 1205 ιιιιι·Ι

67 1230 213 1307 versrtas
238 1230 511 1303 inreformabilis
535 1228 617 1323 post
636 1227 837 1323 decefforn,
865 1231 949 1322 quid
969 1230 1124 1324 portio?

64 1328 197 1422 Plane,
233 1330 404 1422 srportio
428 1328 649 1403 univeriitati
677 1329 900 1423 adaquatur:
932 1330 975 1403 ad
998 1329 1125 1404 distan-

64 1429 151 1503 tiam
166 1429 258 1501 enim
272 1448 526 1524 provocamus.
576 1428 697 1504 Primo
711 1428 874 1521 quidem,
901 1428 999 1521 quod
1016 1436 1124 1501 omnia

57 1530 201 1617 sermone
221 1532 284 1599 Dei
300 1526 395 1621 falia
409 1528 512 1617 sunt,
538 1526 577 1603 6
587 1528 659 1623 fiere
672 1529 724 1617 iila
740 1530 839 1605 nihil.
892 1527 987 1602 Caro
1002 1543 1123 1605 autem

64 1626 100 1697 ιιι
123 1624 285 1700 sermone
301 1626 380 1701 Dei
401 1626 562 1700 constitit
583 1643 734 1722 propter
759 1626 937 1719 formam,
962 1649 1011 1701 ne
1035 1628 1121 1720 quid

63 1724 137 1797 sine
157 1716 337 1818 seimone,
366 1724 553 1825 (Faciamus
568 1727 849 1816 arimanniam,
879 1739 964 1801 ante
983 1730 1120 1821 praemi·
1140 1772 1146 1783 ι

59 1821 140 1920 fit)
169 1824 401 1920 etamplius,
434 1845 564 1918 manu,
593 1842 745 1921 propter
768 1828 1048 1920 praelationem,
1069 1849 1118 1901 ne

59 1924 283 1999 universrtati
307 1938 587 2019 compararetur.
644 1927 693 1999 Er
704 1928 833 2015 finxit,
863 1928 1000 2019 inquit,
1029 1931 1119 2012 Deae

58 2023 238 2111 hominem,
275 2044 410 2129 magna
434 2022 507 2100 srne
529 2024 639 2111 ιιιὺιο
668 2022 879 2140 differentiae
902 2025 1021 2119 ratio,
1045 2046 1118 2119 pro

59 2121 272 2203 conditione
293 2118 427 2197 scilieet
448 2142 577 2200 rerum.
633 2120 783 2199 Minora
805 2124 926 2216 enim,
952 2144 1030 2215 quaa
1051 2122 1117 2201 oe,

55 2220 167 2314 bant,
201 2242 275 2314 eo,
309 2224 367 2297 cui
393 2220 538 2298 fiebant.
598 2220 777 2315 Siquidem
802 2223 940 2297 homini
964 2218 1113 2317 fiebant,

56 2321 116 2399 eui
129 2340 215 2393 mox
231 2274 347 2395 abeo
362 2320 496 2394 addida
512 2320 602 2396 sunt.
636 2323 800 2396 Merito
792 2324 898 2418 igitur
912 2338 953 2399 ut
967 2323 1112 2415 famula,

54 2417 144 2512 jussu
168 2420 237 2492 &¹
228 2422 399 2512 imperio,
437 2417 570 2493 &sola
594 2422 714 2494 vocali
740 2422 918 2516 potestate
947 2423 1113 2499 universa

54 2517 308 2632 procefferant.
372 2517 538 2609 Contra,
574 2518 688 2593 homo
715 2534 757 2593 ut
780 2520 944 2597 dominus
968 2542 1111 2612 eornm,

54 2617 91 2691 in
114 2619 186 2690 hoc
209 2617 347 2711 abipso
372 2615 455 2694 Deo
477 2614 657 2691 extruetur
680 2616 758 2709 est,
792 2632 835 2689 ut
854 2618 1018 2690 dominns
1040 2618 1112 2691 eise

54 2716 196 2810 poffet‚
230 2718 312 2790 dum
334 2713 377 2788 fit
397 2737 417 2787 a
437 2716 598 2789 domino.
656 2716 850 2789 Hominem
870 2730 1011 2806 autern,
1037 2740 1110 2789 me·

54 2831 176 2891 mento
201 2838 344 2890 carnem
366 2817 513 2910 proprie
538 2814 630 2907 dici,
656 2835 733 2907 quae
759 2818 860 2909 prior
888 2817 1108 2893 vocabulum

54 2917 205 2990 hominis
227 2916 440 3008 occupavit·
473 2915 506 2986 ιιι
516 2918 621 3029 finxit
636 2918 724 2985 Deus
742 2916 917 3002 hornimera,
942 2916 1051 2985 limum
1071 2920 1107 2987 de

54 3031 149 3089 tarra.
199 3018 277 3111 Jam
301 3017 439 3106 horno,
466 3015 527 3105 qui
547 3013 661 3087 adhuc
686 3013 800 3093 limus.
851 3012 901 3091 Et
921 3014 1108 3107 insufflavit

54 3120 89 3183 in
105 3114 221 3205 faciem
242 3122 310 3214 ejus
322 3114 441 3211 flatum
461 3120 558 3193 vita:
592 3114 631 3190 (Ἰ
651 3112 756 3201 fedius
782 3072 822 3211 ast
839 3116 949 3209 bomo,
982 3117 1018 3188 id
1040 3116 1105 3208 est,

54 3213 182 3305 limata,
217 3221 414 3289 inanimam
438 3220 562 3288 vivam.
627 3209 677 3286 Et
698 3216 799 3310 posuit
826 3220 914 3285 Deus
938 3216 1105 3299 bominem,

54 3338 139 3412 quem
162 3316 297 3404 finxit,
332 3320 371 3386 in
390 3316 544 3410 paradise.
610 3311 720 3387 Adeo
751 3315 863 3389 homo
895 3311 1104 3410 figmentum

54 3413 190 3508 primo,
223 3413 350 3488 dehinc
370 3429 481 3488 totus.
543 3412 629 3486 Hoc
651 3434 697 3497 eo
722 3414 1019 3504 commendarim,
1049 3413 1104 3485 uti

54 3512 216 3604 quicquid
246 3514 393 3586 omnino
423 3514 558 3586 homini
584 3535 619 3585 a
631 3510 714 3586 Deo
743 3510 967 3607 prospettum
995 3526 1105 3601 atquo

54 3611 253 3704 promiffum
269 3612 335 3686 est.
361 3634 438 3685 non
453 3610 518 3684 soii
534 3612 678 3705 animae,
703 3631 828 3684 verum
850 3612 996 3684 &carm
988 3609 1102 3682 scire

54 3709 230 3800 ιιιιιιιιιιιις
256 3727 298 3783 ut
317 3713 342 3785 ιι
360 3733 436 3785 ιιοιι
459 3734 505 3785 ex
528 3707 712 3785 consortio
736 3712 897 3807 generis,
924 3724 1021 3783 certe
1041 3710 1102 3784 vel

54 3812 187 3903 exprit
190 3812 296 3905 ilegio
311 3812 474 3885 nominis.

119 3912 153 3985 6.
181 3909 391 4002 Persequar
382 3925 502 4002 itaque
514 3908 760 4007 propositum,
786 3907 1101 4020 fitamentantum

54 4009 168 4084 rossim
193 4010 289 4082 carni
313 4010 515 4101 vindicare,
548 4022 718 4101 quantum
745 4008 902 4079 contulit
925 4007 1004 4097 ille,
1038 4005 1099 4097 qui

54 4132 121 4185 am
141 4109 247 4185 fecit:
273 4110 346 4199 jam
358 4122 446 4183 tunc
465 4107 700 4283 glorrlarlrtem,
727 4105 825 4201 quod
839 4107 898 4183 ilia
915 4106 1099 4279 plusrllitas,

620 4228 641 4307 3
943 4226 1049 4308 ’Νι
