<?xml version="1.0" encoding="UTF-8"?>
<!DOCTYPE html PUBLIC "-//W3C//DTD XHTML 1.0 Transitional//EN"
    "http://www.w3.org/TR/xhtml1/DTD/xhtml1-transitional.dtd">
<html xmlns="http://www.w3.org/1999/xhtml" xml:lang="en" lang="en">
 <head>
  <title>
</title>
<meta http-equiv="Content-Type" content="text/html;charset=utf-8" />
  <meta name='ocr-system' content='tesseract 3.04.00' />
  <meta name='ocr-capabilities' content='ocr_page ocr_carea ocr_par ocr_line ocrx_word'/>
</head>
<body>
  <div class='ocr_page' id='page_1' title='image "./operaomniasanct03librgoog_0177.png"; bbox 0 0 2400 4590; ppageno 0'>
   <div class='ocr_carea' id='block_1_1' title="bbox 114 514 1013 619">
    <p class='ocr_par' dir='ltr' id='par_1_1' title="bbox 114 514 1013 619">
     <span class='ocr_line' id='line_1_1' title="bbox 114 514 1013 619; baseline -0.008 -22"><span class='ocrx_word' id='word_1_1' title='bbox 114 538 186 613; x_wconf 83' lang='lat'>154</span> <span class='ocrx_word' id='word_1_2' title='bbox 246 519 295 619; x_wconf 88' lang='lat' dir='ltr'>Q.</span> <span class='ocrx_word' id='word_1_3' title='bbox 320 515 454 593; x_wconf 81' lang='lat' dir='ltr'>sm.</span> <span class='ocrx_word' id='word_1_4' title='bbox 477 514 623 593; x_wconf 82' lang='lat' dir='ltr'>Fuoa.</span> <span class='ocrx_word' id='word_1_5' title='bbox 648 514 1013 592; x_wconf 79' lang='lat' dir='ltr'><em>Traruuurarr</em></span> 
     </span>
    </p>
   </div>
   <div class='ocr_carea' id='block_1_2' title="bbox 39 672 1164 4333">
    <p class='ocr_par' dir='ltr' id='par_1_2' title="bbox 70 672 1164 775">
     <span class='ocr_line' id='line_1_2' title="bbox 70 672 1164 775; baseline 0 -22"><span class='ocrx_word' id='word_1_6' title='bbox 70 696 77 717; x_wconf 64' lang='lat'>⁸</span> <span class='ocrx_word' id='word_1_7' title='bbox 113 678 199 775; x_wconf 83' lang='lat' dir='ltr'>quid</span> <span class='ocrx_word' id='word_1_8' title='bbox 215 675 268 753; x_wconf 91' lang='lat' dir='ltr'>illi</span> <span class='ocrx_word' id='word_1_9' title='bbox 286 674 353 751; x_wconf 91' lang='lat' dir='ltr'>soli</span> <span class='ocrx_word' id='word_1_10' title='bbox 372 672 560 751; x_wconf 83' lang='lat' dir='ltr'>Christiani</span> <span class='ocrx_word' id='word_1_11' title='bbox 576 674 866 773; x_wconf 84' lang='lat' dir='ltr'>pronunciandi,</span> <span class='ocrx_word' id='word_1_12' title='bbox 900 677 941 751; x_wconf 89' lang='lat' dir='ltr'>in</span> <span class='ocrx_word' id='word_1_13' title='bbox 953 696 1058 771; x_wconf 83' lang='lat' dir='ltr'>-quua</span> <span class='ocrx_word' id='word_1_14' title='bbox 1078 688 1164 755; x_wconf 84' lang='lat' dir='ltr'>tote</span> 
     </span>
    </p>

    <p class='ocr_par' dir='ltr' id='par_1_3' title="bbox 39 772 1163 4252">
     <span class='ocr_line' id='line_1_3' title="bbox 113 772 630 872; baseline -0.015 -17"><span class='ocrx_word' id='word_1_15' title='bbox 113 776 293 872; x_wconf 77' lang='lat' dir='ltr'>disciplina</span> <span class='ocrx_word' id='word_1_16' title='bbox 307 776 440 851; x_wconf 88' lang='lat' dir='ltr'>collata</span> <span class='ocrx_word' id='word_1_17' title='bbox 456 772 531 851; x_wconf 72' lang='lat' dir='ltr'>esti</span> <span class='ocrx_word' id='word_1_18' title='bbox 622 775 630 789; x_wconf 86' lang='lat'>&#39;</span> 
     </span>
     <span class='ocr_line' id='line_1_4' title="bbox 187 872 1161 969; baseline 0.002 -18"><span class='ocrx_word' id='word_1_19' title='bbox 187 898 244 969; x_wconf 79' lang='lat'>1³·</span> <span class='ocrx_word' id='word_1_20' title='bbox 268 874 340 949; x_wconf 89' lang='lat' dir='ltr'>Sed</span> <span class='ocrx_word' id='word_1_21' title='bbox 366 872 824 969; x_wconf 80' lang='lat' dir='ltr'>&amp;Timotheo-scribens,</span> <span class='ocrx_word' id='word_1_22' title='bbox 855 874 921 949; x_wconf 86' lang='lat' dir='ltr'>vul</span> <span class='ocrx_word' id='word_1_23' title='bbox 944 877 1161 969; x_wconf 81' lang='lat' dir='ltr'>juvenculae</span> 
     </span>
     <span class='ocr_line' id='line_1_5' title="bbox 108 970 1163 1071; baseline -0.002 -18"><span class='ocrx_word' id='word_1_24' title='bbox 108 978 267 1067; x_wconf 83' lang='lat' dir='ltr'>nubere,</span> <span class='ocrx_word' id='word_1_25' title='bbox 296 970 393 1049; x_wconf 80' lang='lat' dir='ltr'>filios</span> <span class='ocrx_word' id='word_1_26' title='bbox 413 972 607 1069; x_wconf 82' lang='lat' dir='ltr'>suscipere,</span> <span class='ocrx_word' id='word_1_27' title='bbox 630 988 761 1051; x_wconf 78' lang='lat' dir='ltr'>matres</span> <span class='ocrx_word' id='word_1_28' title='bbox 778 974 917 1051; x_wconf 82' lang='lat' dir='ltr'>familie</span> <span class='ocrx_word' id='word_1_29' title='bbox 933 996 1050 1071; x_wconf 82' lang='lat' dir='ltr'>agere.</span> <span class='ocrx_word' id='word_1_30' title='bbox 1101 976 1163 1051; x_wconf 83' lang='lat' dir='ltr'>Ad</span> 
     </span>
     <span class='ocr_line' id='line_1_6' title="bbox 109 1072 1160 1171; baseline 0 -20"><span class='ocrx_word' id='word_1_31' title='bbox 109 1073 320 1171; x_wconf 84' lang='lat' dir='ltr'>eaadirigit,</span> <span class='ocrx_word' id='word_1_32' title='bbox 347 1075 467 1166; x_wconf 78' lang='lat' dir='ltr'>quales</span> <span class='ocrx_word' id='word_1_33' title='bbox 483 1072 586 1168; x_wconf 89' lang='lat' dir='ltr'>supra</span> <span class='ocrx_word' id='word_1_34' title='bbox 597 1074 769 1168; x_wconf 85' lang='lat' dir='ltr'>denotat,</span> <span class='ocrx_word' id='word_1_35' title='bbox 791 1075 1003 1168; x_wconf 77' lang='lat' dir='ltr'>iuvenculas</span> <span class='ocrx_word' id='word_1_36' title='bbox 1016 1072 1160 1169; x_wconf 81' lang='lat' dir='ltr'>viduas,</span> 
     </span>
     <span class='ocr_line' id='line_1_7' title="bbox 108 1172 1160 1269; baseline 0 -22"><span class='ocrx_word' id='word_1_37' title='bbox 108 1196 188 1269; x_wconf 82' lang='lat' dir='ltr'>quae</span> <span class='ocrx_word' id='word_1_38' title='bbox 200 1173 429 1247; x_wconf 85' lang='lat' dir='ltr'>iu&#39;viduitate</span> <span class='ocrx_word' id='word_1_39' title='bbox 443 1172 686 1269; x_wconf 72' lang='lat' dir='ltr'>deprehensae,</span> <span class='ocrx_word' id='word_1_40' title='bbox 703 1175 736 1247; x_wconf 81' lang='lat' dir='ltr'>dr</span> <span class='ocrx_word' id='word_1_41' title='bbox 752 1174 962 1265; x_wconf 81' lang='lat' dir='ltr'>aliquamdiu</span> <span class='ocrx_word' id='word_1_42' title='bbox 976 1172 1160 1268; x_wconf 76' lang='lat' dir='ltr'>affeilata,</span> 
     </span>
     <span class='ocr_line' id='line_1_8' title="bbox 107 1271 1159 1371; baseline 0 -24"><span class='ocrx_word' id='word_1_43' title='bbox 107 1272 296 1371; x_wconf 77' lang='lat' dir='ltr'>postquem</span> <span class='ocrx_word' id='word_1_44' title='bbox 309 1272 348 1346; x_wconf 90' lang='lat' dir='ltr'>in</span> <span class='ocrx_word' id='word_1_45' title='bbox 358 1271 487 1346; x_wconf 85' lang='lat' dir='ltr'>delitiis</span> <span class='ocrx_word' id='word_1_46' title='bbox 504 1274 706 1348; x_wconf 87' lang='lat' dir='ltr'>habuerunt</span> <span class='ocrx_word' id='word_1_47' title='bbox 720 1271 917 1367; x_wconf 81' lang='lat' dir='ltr'>christum,</span> <span class='ocrx_word' id='word_1_48' title='bbox 942 1274 1078 1349; x_wconf 89' lang='lat' dir='ltr'>nubere</span> <span class='ocrx_word' id='word_1_49' title='bbox 1091 1294 1159 1347; x_wconf 89' lang='lat' dir='ltr'>vo·</span> 
     </span>
     <span class='ocr_line' id='line_1_9' title="bbox 108 1368 1160 1469; baseline -0.002 -21"><span class='ocrx_word' id='word_1_50' title='bbox 108 1378 209 1465; x_wconf 88' lang='lat' dir='ltr'>lunt,</span> <span class='ocrx_word' id='word_1_51' title='bbox 234 1372 407 1446; x_wconf 74' lang='lat' dir='ltr'><strong>habentes</strong></span> <span class='ocrx_word' id='word_1_52' title='bbox 422 1372 616 1467; x_wconf 81' lang='lat' dir='ltr'>jndicium,</span> <span class='ocrx_word' id='word_1_53' title='bbox 642 1373 741 1467; x_wconf 89' lang='lat' dir='ltr'>quod</span> <span class='ocrx_word' id='word_1_54' title='bbox 761 1372 910 1469; x_wconf 86' lang='lat' dir='ltr'>primam</span> <span class='ocrx_word' id='word_1_55' title='bbox 929 1370 1039 1449; x_wconf 84' lang='lat' dir='ltr'>fidem</span> <span class='ocrx_word' id='word_1_56' title='bbox 1056 1368 1160 1447; x_wconf 87' lang='lat' dir='ltr'>resci-</span> 
     </span>
     <span class='ocr_line' id='line_1_10' title="bbox 107 1469 1161 1566; baseline -0.003 -18"><span class='ocrx_word' id='word_1_57' title='bbox 107 1474 259 1560; x_wconf 78' lang='lat' dir='ltr'>derunt3</span> <span class='ocrx_word' id='word_1_58' title='bbox 283 1472 379 1547; x_wconf 87' lang='lat' dir='ltr'>illam</span> <span class='ocrx_word' id='word_1_59' title='bbox 395 1469 567 1547; x_wconf 89' lang='lat' dir='ltr'>videlicet</span> <span class='ocrx_word' id='word_1_60' title='bbox 580 1494 601 1546; x_wconf 87' lang='lat' dir='ltr'>a</span> <span class='ocrx_word' id='word_1_61' title='bbox 615 1494 685 1566; x_wconf 89' lang='lat' dir='ltr'>qua</span> <span class='ocrx_word' id='word_1_62' title='bbox 704 1474 742 1548; x_wconf 89' lang='lat' dir='ltr'>in</span> <span class='ocrx_word' id='word_1_63' title='bbox 763 1472 937 1547; x_wconf 88' lang='lat' dir='ltr'>viduitate</span> <span class='ocrx_word' id='word_1_64' title='bbox 950 1475 1108 1547; x_wconf 86' lang='lat' dir='ltr'>inventae</span> <span class='ocrx_word' id='word_1_65' title='bbox 1123 1472 1161 1545; x_wconf 84' lang='lat' dir='ltr'>dr</span> 
     </span>
     <span class='ocr_line' id='line_1_11' title="bbox 106 1567 1161 1672; baseline 0.004 -29"><span class='ocrx_word' id='word_1_66' title='bbox 106 1567 388 1672; x_wconf 76' lang='lat' dir='ltr'>professarum,</span> <span class='ocrx_word' id='word_1_67' title='bbox 413 1591 490 1645; x_wconf 89' lang='lat' dir='ltr'>non</span> <span class='ocrx_word' id='word_1_68' title='bbox 505 1570 744 1665; x_wconf 73' lang='lat' dir='ltr'>perseverane</span> <span class='ocrx_word' id='word_1_69' title='bbox 792 1570 948 1664; x_wconf 88' lang='lat' dir='ltr'>Propter</span> <span class='ocrx_word' id='word_1_70' title='bbox 965 1571 1161 1663; x_wconf 87' lang='lat' dir='ltr'>quodvult</span> 
     </span>
     <span class='ocr_line' id='line_1_12' title="bbox 106 1668 1163 1766; baseline 0.002 -19"><span class='ocrx_word' id='word_1_71' title='bbox 106 1672 342 1762; x_wconf 70' lang='lat' dir='ltr'>cumbere,</span> <span class='ocrx_word' id='word_1_72' title='bbox 368 1692 415 1745; x_wconf 87' lang='lat' dir='ltr'>ne</span> <span class='ocrx_word' id='word_1_73' title='bbox 427 1671 575 1766; x_wconf 86' lang='lat' dir='ltr'>primam</span> <span class='ocrx_word' id='word_1_74' title='bbox 592 1668 701 1747; x_wconf 87' lang='lat' dir='ltr'>fidem</span> <span class='ocrx_word' id='word_1_75' title='bbox 713 1670 879 1765; x_wconf 75' lang='lat' dir='ltr'>suscepte</span> <span class='ocrx_word' id='word_1_76' title='bbox 890 1671 1076 1745; x_wconf 71' lang='lat' dir='ltr'>viduatis</span> <span class='ocrx_word' id='word_1_77' title='bbox 1094 1692 1163 1763; x_wconf 87' lang='lat' dir='ltr'>po·</span> 
     </span>
     <span class='ocr_line' id='line_1_13' title="bbox 106 1767 1161 1863; baseline -0.002 -16"><span class='ocrx_word' id='word_1_78' title='bbox 106 1770 180 1847; x_wconf 89' lang='lat' dir='ltr'>stea</span> <span class='ocrx_word' id='word_1_79' title='bbox 192 1767 412 1844; x_wconf 87' lang='lat' dir='ltr'>rescindant:</span> <span class='ocrx_word' id='word_1_80' title='bbox 432 1776 514 1845; x_wconf 83' lang='lat' dir='ltr'>&#39;non</span> <span class='ocrx_word' id='word_1_81' title='bbox 530 1784 575 1847; x_wconf 88' lang='lat' dir='ltr'>ut</span> <span class='ocrx_word' id='word_1_82' title='bbox 588 1773 725 1847; x_wconf 78' lang='lat' dir='ltr'>totiena</span> <span class='ocrx_word' id='word_1_83' title='bbox 746 1772 905 1863; x_wconf 86' lang='lat' dir='ltr'>nubant,</span> <span class='ocrx_word' id='word_1_84' title='bbox 931 1770 1101 1863; x_wconf 82' lang='lat' dir='ltr'>quotiens</span> <span class='ocrx_word' id='word_1_85' title='bbox 1121 1771 1161 1845; x_wconf 90' lang='lat' dir='ltr'>in</span> 
     </span>
     <span class='ocr_line' id='line_1_14' title="bbox 106 1870 1162 1964; baseline -0.002 -19"><span class='ocrx_word' id='word_1_86' title='bbox 106 1870 286 1945; x_wconf 83' lang='lat' dir='ltr'>viduitate</span> <span class='ocrx_word' id='word_1_87' title='bbox 301 1882 458 1964; x_wconf 80' lang='lat' dir='ltr'>tentata,</span> <span class='ocrx_word' id='word_1_88' title='bbox 483 1872 556 1946; x_wconf 85' lang='lat' dir='ltr'>imo</span> <span class='ocrx_word' id='word_1_89' title='bbox 571 1870 606 1945; x_wconf 80' lang='lat' dir='ltr'>dr</span> <span class='ocrx_word' id='word_1_90' title='bbox 619 1872 658 1945; x_wconf 88' lang='lat' dir='ltr'>in</span> <span class='ocrx_word' id='word_1_91' title='bbox 670 1872 799 1947; x_wconf 83' lang='lat' dir='ltr'>delitiir</span> <span class='ocrx_word' id='word_1_92' title='bbox 811 1870 949 1963; x_wconf 89' lang='lat' dir='ltr'>habita,</span> <span class='ocrx_word' id='word_1_93' title='bbox 972 1870 1162 1943; x_wconf 87' lang='lat' dir='ltr'>noluerint</span> 
     </span>
     <span class='ocr_line' id='line_1_15' title="bbox 105 1965 1157 2069; baseline -0.006 -22"><span class='ocrx_word' id='word_1_94' title='bbox 105 1969 344 2069; x_wconf 86' lang='lat' dir='ltr'>perseverare.</span> <span class='ocrx_word' id='word_1_95' title='bbox 394 1969 562 2067; x_wconf 78' lang='lat' dir='ltr'>Legimus</span> <span class='ocrx_word' id='word_1_96' title='bbox 581 1990 663 2045; x_wconf 78' lang='lat' dir='ltr'>eum</span> <span class='ocrx_word' id='word_1_97' title='bbox 684 1970 720 2045; x_wconf 80' lang='lat' dir='ltr'>dr</span> <span class='ocrx_word' id='word_1_98' title='bbox 740 1970 984 2045; x_wconf 82' lang='lat' dir='ltr'>adRomanor</span> <span class='ocrx_word' id='word_1_99' title='bbox 1000 1965 1157 2043; x_wconf 90' lang='lat' dir='ltr'>scriben-</span> 
     </span>
     <span class='ocr_line' id='line_1_16' title="bbox 104 2065 1157 2167; baseline -0.007 -21"><span class='ocrx_word' id='word_1_100' title='bbox 104 2065 199 2146; x_wconf 78' lang='lat' dir='ltr'>teni:</span> <span class='ocrx_word' id='word_1_101' title='bbox 224 2074 305 2163; x_wconf 77' lang='lat' dir='ltr'>Quat</span> <span class='ocrx_word' id='word_1_102' title='bbox 318 2070 491 2158; x_wconf 76' lang='lat' dir='ltr'>retrursus</span> <span class='ocrx_word' id='word_1_103' title='bbox 507 2074 581 2141; x_wconf 79' lang='lat' dir='ltr'><em>arira</em></span> <span class='ocrx_word' id='word_1_104' title='bbox 599 2070 785 2167; x_wconf 59' lang='lat' dir='ltr'>epimrlier,</span> <span class='ocrx_word' id='word_1_105' title='bbox 810 2075 943 2142; x_wconf 78' lang='lat' dir='ltr'><em>viventi</em></span> <span class='ocrx_word' id='word_1_106' title='bbox 952 2074 1027 2141; x_wconf 82' lang='lat' dir='ltr'><em>vira</em></span> <span class='ocrx_word' id='word_1_107' title='bbox 1039 2066 1157 2141; x_wconf 63' lang='lat' dir='ltr'>uia&amp;</span> 
     </span>
     <span class='ocr_line' id='line_1_17' title="bbox 104 2168 1157 2271; baseline 0.004 -29"><span class='ocrx_word' id='word_1_108' title='bbox 104 2172 167 2266; x_wconf 76' lang='lat' dir='ltr'>est:</span> <span class='ocrx_word' id='word_1_109' title='bbox 183 2172 214 2265; x_wconf 80' lang='lat' dir='ltr'><em>fi</em></span> <span class='ocrx_word' id='word_1_110' title='bbox 229 2173 473 2258; x_wconf 80' lang='lat' dir='ltr'>autemaiierit,</span> <span class='ocrx_word' id='word_1_111' title='bbox 496 2184 647 2241; x_wconf 72' lang='lat' dir='ltr'><em>marma</em></span> <span class='ocrx_word' id='word_1_112' title='bbox 660 2168 702 2271; x_wconf 65' lang='grc' dir='ltr'>ιβ</span> <span class='ocrx_word' id='word_1_113' title='bbox 715 2173 812 2264; x_wconf 81' lang='lat' dir='ltr'>alege</span> <span class='ocrx_word' id='word_1_114' title='bbox 825 2176 908 2246; x_wconf 82' lang='lat' dir='ltr'><em>viri.</em></span> <span class='ocrx_word' id='word_1_115' title='bbox 957 2172 1157 2266; x_wconf 74' lang='lat' dir='ltr'><em>Mmptrrgt</em></span> 
     </span>
     <span class='ocr_line' id='line_1_18' title="bbox 104 2268 1157 2367; baseline -0.001 -28"><span class='ocrx_word' id='word_1_116' title='bbox 104 2275 240 2341; x_wconf 78' lang='lat' dir='ltr'>viverere</span> <span class='ocrx_word' id='word_1_117' title='bbox 255 2276 330 2340; x_wconf 83' lang='lat' dir='ltr'><em>viro</em></span> <span class='ocrx_word' id='word_1_118' title='bbox 348 2269 529 2341; x_wconf 73' lang='lat' dir='ltr'>adulterare</span> <span class='ocrx_word' id='word_1_119' title='bbox 544 2268 736 2363; x_wconf 72' lang='lat' dir='ltr'>putabitur,</span> <span class='ocrx_word' id='word_1_120' title='bbox 757 2270 784 2363; x_wconf 80' lang='lat' dir='ltr'><em>fi</em></span> <span class='ocrx_word' id='word_1_121' title='bbox 796 2268 916 2367; x_wconf 71' lang='lat' dir='ltr'>jaasia</span> <span class='ocrx_word' id='word_1_122' title='bbox 930 2270 1040 2362; x_wconf 81' lang='lat' dir='ltr'>fuerit</span> <span class='ocrx_word' id='word_1_123' title='bbox 1057 2268 1157 2339; x_wconf 79' lang='lat' dir='ltr'><em>altari</em></span> 
     </span>
     <span class='ocr_line' id='line_1_19' title="bbox 104 2366 1160 2465; baseline 0 -26"><span class='ocrx_word' id='word_1_124' title='bbox 104 2372 187 2440; x_wconf 79' lang='lat' dir='ltr'><em>vira.</em></span> <span class='ocrx_word' id='word_1_125' title='bbox 243 2371 285 2440; x_wconf 89' lang='lat' dir='ltr'>Si</span> <span class='ocrx_word' id='word_1_126' title='bbox 303 2392 378 2439; x_wconf 83' lang='lat' dir='ltr'>vero</span> <span class='ocrx_word' id='word_1_127' title='bbox 400 2366 512 2438; x_wconf 80' lang='lat' dir='ltr'><em>abierit</em></span> <span class='ocrx_word' id='word_1_128' title='bbox 528 2372 609 2453; x_wconf 81' lang='lat' dir='ltr'><em>air,</em></span> <span class='ocrx_word' id='word_1_129' title='bbox 639 2368 786 2440; x_wconf 76' lang='lat' dir='ltr'>libertato</span> <span class='ocrx_word' id='word_1_130' title='bbox 802 2368 842 2465; x_wconf 71' lang='lat' dir='ltr'>est</span> <span class='ocrx_word' id='word_1_131' title='bbox 859 2371 972 2462; x_wconf 80' lang='lat' dir='ltr'>alege,</span> <span class='ocrx_word' id='word_1_132' title='bbox 999 2368 1079 2465; x_wconf 76' lang='lat' dir='ltr'>quad</span> <span class='ocrx_word' id='word_1_133' title='bbox 1093 2389 1160 2439; x_wconf 82' lang='lat' dir='ltr'><em>narr</em></span> 
     </span>
     <span class='ocr_line' id='line_1_20' title="bbox 100 2464 1156 2565; baseline 0.002 -28"><span class='ocrx_word' id='word_1_134' title='bbox 100 2467 144 2565; x_wconf 74' lang='lat' dir='ltr'><em>fir</em></span> <span class='ocrx_word' id='word_1_135' title='bbox 155 2465 315 2553; x_wconf 74' lang='lat' dir='ltr'>adultera,</span> <span class='ocrx_word' id='word_1_136' title='bbox 322 2464 574 2559; x_wconf 76' lang='lat' dir='ltr'><em>fatlaaliiaira.</em></span> <span class='ocrx_word' id='word_1_137' title='bbox 597 2465 669 2541; x_wconf 89' lang='lat' dir='ltr'>Sed</span> <span class='ocrx_word' id='word_1_138' title='bbox 682 2468 716 2541; x_wconf 77' lang='lat' dir='ltr'>dc</span> <span class='ocrx_word' id='word_1_139' title='bbox 727 2464 909 2561; x_wconf 84' lang='lat' dir='ltr'>sequentia</span> <span class='ocrx_word' id='word_1_140' title='bbox 918 2464 1156 2563; x_wconf 83' lang='lat' dir='ltr'>recognosce,</span> 
     </span>
     <span class='ocr_line' id='line_1_21' title="bbox 105 2564 1159 2663; baseline -0.002 -24"><span class='ocrx_word' id='word_1_141' title='bbox 105 2586 179 2661; x_wconf 92' lang='lat' dir='ltr'>quu</span> <span class='ocrx_word' id='word_1_142' title='bbox 203 2564 317 2639; x_wconf 83' lang='lat' dir='ltr'>sensus</span> <span class='ocrx_word' id='word_1_143' title='bbox 337 2565 402 2641; x_wconf 86' lang='lat' dir='ltr'>iste</span> <span class='ocrx_word' id='word_1_144' title='bbox 421 2567 482 2659; x_wconf 90' lang='lat' dir='ltr'>qui</span> <span class='ocrx_word' id='word_1_145' title='bbox 503 2567 569 2641; x_wconf 90' lang='lat' dir='ltr'>tibi</span> <span class='ocrx_word' id='word_1_146' title='bbox 592 2567 798 2663; x_wconf 69' lang='lat' dir='ltr'>blandum,</span> <span class='ocrx_word' id='word_1_147' title='bbox 830 2566 972 2643; x_wconf 87' lang='lat' dir='ltr'>evadat.</span> <span class='ocrx_word' id='word_1_148' title='bbox 1034 2570 1159 2663; x_wconf 73' lang='lat' dir='ltr'>ltaque,</span> 
     </span>
     <span class='ocr_line' id='line_1_22' title="bbox 104 2665 1154 2763; baseline -0.007 -22"><span class='ocrx_word' id='word_1_149' title='bbox 104 2667 243 2760; x_wconf 87' lang='lat' dir='ltr'>inquit,</span> <span class='ocrx_word' id='word_1_150' title='bbox 269 2665 397 2761; x_wconf 79' lang='lat' dir='ltr'><em>fratres</em></span> <span class='ocrx_word' id='word_1_151' title='bbox 418 2669 480 2739; x_wconf 76' lang='lat' dir='ltr'><em>rari</em></span> <span class='ocrx_word' id='word_1_152' title='bbox 499 2669 736 2760; x_wconf 78' lang='lat' dir='ltr'><em>mortificamini</em></span> <span class='ocrx_word' id='word_1_153' title='bbox 755 2665 796 2746; x_wconf 73' lang='grc' dir='ltr'>θ’</span> <span class='ocrx_word' id='word_1_154' title='bbox 815 2690 873 2739; x_wconf 84' lang='lat' dir='ltr'>vas</span> <span class='ocrx_word' id='word_1_155' title='bbox 894 2669 953 2761; x_wconf 76' lang='lat' dir='ltr'>legi</span> <span class='ocrx_word' id='word_1_156' title='bbox 968 2686 1025 2763; x_wconf 79' lang='lat' dir='ltr'>per</span> <span class='ocrx_word' id='word_1_157' title='bbox 1044 2687 1154 2762; x_wconf 76' lang='lat' dir='ltr'>carpas</span> 
     </span>
     <span class='ocr_line' id='line_1_23' title="bbox 106 2765 1156 2867; baseline -0.004 -27"><span class='ocrx_word' id='word_1_158' title='bbox 106 2765 246 2861; x_wconf 76' lang='lat' dir='ltr'><em>Clrrifli,</em></span> <span class='ocrx_word' id='word_1_159' title='bbox 271 2785 310 2840; x_wconf 81' lang='lat' dir='ltr'>ut</span> <span class='ocrx_word' id='word_1_160' title='bbox 330 2765 517 2858; x_wconf 80' lang='lat' dir='ltr'>efficiamini</span> <span class='ocrx_word' id='word_1_161' title='bbox 532 2768 693 2859; x_wconf 71' lang='lat' dir='ltr'>alterici,</span> <span class='ocrx_word' id='word_1_162' title='bbox 716 2771 833 2857; x_wconf 77' lang='lat' dir='ltr'>scilicet</span> <span class='ocrx_word' id='word_1_163' title='bbox 844 2772 903 2867; x_wconf 77' lang='lat' dir='ltr'>qni</span> <span class='ocrx_word' id='word_1_164' title='bbox 921 2793 941 2837; x_wconf 90' lang='lat' dir='ltr'><em>a</em></span> <span class='ocrx_word' id='word_1_165' title='bbox 958 2770 1093 2838; x_wconf 81' lang='lat' dir='ltr'>mortuis</span> <span class='ocrx_word' id='word_1_166' title='bbox 1107 2790 1156 2836; x_wconf 83' lang='lat' dir='ltr'><em>rr·</em></span> 
     </span>
     <span class='ocr_line' id='line_1_24' title="bbox 101 2866 1157 2958; baseline -0.004 -20"><span class='ocrx_word' id='word_1_167' title='bbox 101 2867 268 2957; x_wconf 71' lang='lat' dir='ltr'><em>(arrexit,</em></span> <span class='ocrx_word' id='word_1_168' title='bbox 299 2875 352 2937; x_wconf 85' lang='lat' dir='ltr'>uti</span> <span class='ocrx_word' id='word_1_169' title='bbox 369 2866 515 2957; x_wconf 74' lang='lat' dir='ltr'>srullam</span> <span class='ocrx_word' id='word_1_170' title='bbox 528 2866 676 2958; x_wconf 75' lang='lat' dir='ltr'><em>frrarrrrs</em></span> <span class='ocrx_word' id='word_1_171' title='bbox 694 2873 771 2941; x_wconf 82' lang='lat' dir='ltr'>Dea.</span> <span class='ocrx_word' id='word_1_172' title='bbox 834 2870 913 2939; x_wconf 82' lang='lat' dir='ltr'>Cam</span> <span class='ocrx_word' id='word_1_173' title='bbox 927 2872 1011 2937; x_wconf 81' lang='lat' dir='ltr'><em>araim</em></span> <span class='ocrx_word' id='word_1_174' title='bbox 1028 2890 1157 2937; x_wconf 84' lang='lat' dir='ltr'>eramus</span> 
     </span>
     <span class='ocr_line' id='line_1_25' title="bbox 102 2962 1155 3065; baseline 0 -28"><span class='ocrx_word' id='word_1_175' title='bbox 102 2972 271 3046; x_wconf 82' lang='lat' dir='ltr'>incarne,</span> <span class='ocrx_word' id='word_1_176' title='bbox 295 2963 447 3063; x_wconf 78' lang='lat' dir='ltr'><em>paffiorur</em></span> <span class='ocrx_word' id='word_1_177' title='bbox 461 2964 661 3049; x_wconf 69' lang='lat' dir='ltr'>delitiarum,</span> <span class='ocrx_word' id='word_1_178' title='bbox 692 2991 758 3065; x_wconf 80' lang='lat' dir='ltr'><em>quar</em></span> <span class='ocrx_word' id='word_1_179' title='bbox 767 2988 827 3063; x_wconf 83' lang='lat' dir='ltr'>per</span> <span class='ocrx_word' id='word_1_180' title='bbox 839 2968 950 3059; x_wconf 80' lang='lat' dir='ltr'>legam,</span> <span class='ocrx_word' id='word_1_181' title='bbox 975 2962 1155 3055; x_wconf 78' lang='lat' dir='ltr'>efficieban-</span> 
     </span>
     <span class='ocr_line' id='line_1_26' title="bbox 102 3062 1155 3161; baseline -0.005 -20"><span class='ocrx_word' id='word_1_182' title='bbox 102 3082 160 3141; x_wconf 85' lang='lat' dir='ltr'><em>trtr</em></span> <span class='ocrx_word' id='word_1_183' title='bbox 175 3070 214 3137; x_wconf 81' lang='lat' dir='ltr'><em>r&#39;rr</em></span> <span class='ocrx_word' id='word_1_184' title='bbox 230 3067 372 3137; x_wconf 77' lang='lat' dir='ltr'><em>membris</em></span> <span class='ocrx_word' id='word_1_185' title='bbox 391 3065 503 3161; x_wconf 76' lang='lat' dir='ltr'><em>rraflrir</em></span> <span class='ocrx_word' id='word_1_186' title='bbox 521 3067 562 3137; x_wconf 86' lang='lat' dir='ltr'>ad</span> <span class='ocrx_word' id='word_1_187' title='bbox 572 3062 723 3157; x_wconf 53' lang='lat' dir='ltr'><em>frustum</em></span> <span class='ocrx_word' id='word_1_188' title='bbox 730 3066 901 3160; x_wconf 75' lang='lat' dir='ltr'>serendum</span> <span class='ocrx_word' id='word_1_189' title='bbox 915 3072 1012 3136; x_wconf 85' lang='lat' dir='ltr'><em>marti</em></span> <span class='ocrx_word' id='word_1_190' title='bbox 1020 3090 1032 3133; x_wconf 83' lang='lat' dir='ltr'><em>r</em></span> <span class='ocrx_word' id='word_1_191' title='bbox 1065 3090 1155 3136; x_wconf 78' lang='lat' dir='ltr'>nunc</span> 
     </span>
     <span class='ocr_line' id='line_1_27' title="bbox 101 3164 1153 3263; baseline -0.003 -23"><span class='ocrx_word' id='word_1_192' title='bbox 101 3180 208 3240; x_wconf 78' lang='lat' dir='ltr'><em>autam</em></span> <span class='ocrx_word' id='word_1_193' title='bbox 224 3164 486 3253; x_wconf 70' lang='lat' dir='ltr'><em>macuatisamar</em></span> <span class='ocrx_word' id='word_1_194' title='bbox 502 3190 523 3235; x_wconf 86' lang='lat' dir='ltr'><em>a</em></span> <span class='ocrx_word' id='word_1_195' title='bbox 539 3166 618 3259; x_wconf 80' lang='lat' dir='ltr'>lege,</span> <span class='ocrx_word' id='word_1_196' title='bbox 646 3172 764 3239; x_wconf 83' lang='lat' dir='ltr'><em>rarrtai</em></span> <span class='ocrx_word' id='word_1_197' title='bbox 783 3174 821 3238; x_wconf 84' lang='lat' dir='ltr'>in</span> <span class='ocrx_word' id='word_1_198' title='bbox 834 3190 895 3263; x_wconf 77' lang='lat' dir='ltr'>qua</span> <span class='ocrx_word' id='word_1_199' title='bbox 910 3166 1092 3237; x_wconf 80' lang='lat' dir='ltr'><em>remlamar</em></span> <span class='ocrx_word' id='word_1_200' title='bbox 1110 3166 1153 3237; x_wconf 87' lang='lat' dir='ltr'>ad</span> 
     </span>
     <span class='ocr_line' id='line_1_28' title="bbox 96 3263 1155 3363; baseline -0.002 -24"><span class='ocrx_word' id='word_1_201' title='bbox 96 3266 299 3359; x_wconf 76' lang='lat' dir='ltr'>serviendam</span> <span class='ocrx_word' id='word_1_202' title='bbox 321 3270 387 3335; x_wconf 84' lang='lat' dir='ltr'>Dea</span> <span class='ocrx_word' id='word_1_203' title='bbox 409 3269 445 3335; x_wconf 84' lang='lat' dir='ltr'>in</span> <span class='ocrx_word' id='word_1_204' title='bbox 466 3270 612 3336; x_wconf 76' lang='lat' dir='ltr'>navitate</span> <span class='ocrx_word' id='word_1_205' title='bbox 625 3265 780 3363; x_wconf 73' lang='lat' dir='ltr'><em>spiritur,</em></span> <span class='ocrx_word' id='word_1_206' title='bbox 805 3263 845 3342; x_wconf 67' lang='lat' dir='ltr'><em>U</em></span> <span class='ocrx_word' id='word_1_207' title='bbox 859 3290 927 3337; x_wconf 80' lang='lat' dir='ltr'><em>raon</em></span> <span class='ocrx_word' id='word_1_208' title='bbox 944 3271 983 3335; x_wconf 84' lang='lat' dir='ltr'><em>ira</em></span> <span class='ocrx_word' id='word_1_209' title='bbox 999 3264 1155 3361; x_wconf 76' lang='lat' dir='ltr'><em>aaraflata</em></span> 
     </span>
     <span class='ocr_line' id='line_1_29' title="bbox 102 3360 1155 3460; baseline 0.002 -21"><span class='ocrx_word' id='word_1_210' title='bbox 102 3369 214 3441; x_wconf 75' lang='lat' dir='ltr'><em>lirare.</em></span> <span class='ocrx_word' id='word_1_211' title='bbox 262 3362 373 3459; x_wconf 85' lang='lat' dir='ltr'>Igitur</span> <span class='ocrx_word' id='word_1_212' title='bbox 391 3362 416 3435; x_wconf 77' lang='lat' dir='ltr'>si</span> <span class='ocrx_word' id='word_1_213' title='bbox 432 3360 642 3438; x_wconf 85' lang='lat' dir='ltr'>mortificari</span> <span class='ocrx_word' id='word_1_214' title='bbox 657 3387 725 3439; x_wconf 82' lang='lat' dir='ltr'>nos</span> <span class='ocrx_word' id='word_1_215' title='bbox 738 3366 842 3457; x_wconf 86' lang='lat' dir='ltr'>jubet</span> <span class='ocrx_word' id='word_1_216' title='bbox 854 3366 925 3460; x_wconf 85' lang='lat' dir='ltr'>legi</span> <span class='ocrx_word' id='word_1_217' title='bbox 939 3384 1005 3457; x_wconf 90' lang='lat' dir='ltr'>per</span> <span class='ocrx_word' id='word_1_218' title='bbox 1019 3385 1155 3459; x_wconf 82' lang='lat' dir='ltr'>corpus</span> 
     </span>
     <span class='ocr_line' id='line_1_30' title="bbox 104 3460 1154 3558; baseline 0.001 -21"><span class='ocrx_word' id='word_1_219' title='bbox 104 3460 250 3556; x_wconf 84' lang='lat' dir='ltr'>Christi,</span> <span class='ocrx_word' id='word_1_220' title='bbox 275 3463 373 3555; x_wconf 91' lang='lat' dir='ltr'>quod</span> <span class='ocrx_word' id='word_1_221' title='bbox 389 3461 441 3536; x_wconf 89' lang='lat' dir='ltr'>est</span> <span class='ocrx_word' id='word_1_222' title='bbox 456 3463 622 3557; x_wconf 77' lang='lat' dir='ltr'>ecclesa,</span> <span class='ocrx_word' id='word_1_223' title='bbox 647 3486 724 3557; x_wconf 78' lang='lat' dir='ltr'>qua</span> <span class='ocrx_word' id='word_1_224' title='bbox 736 3462 857 3558; x_wconf 90' lang='lat' dir='ltr'>spiritu</span> <span class='ocrx_word' id='word_1_225' title='bbox 870 3464 1047 3536; x_wconf 87' lang='lat' dir='ltr'>novitatis</span> <span class='ocrx_word' id='word_1_226' title='bbox 1063 3485 1154 3538; x_wconf 90' lang='lat' dir='ltr'>con·</span> 
     </span>
     <span class='ocr_line' id='line_1_31' title="bbox 102 3562 1151 3658; baseline -0.001 -21"><span class='ocrx_word' id='word_1_227' title='bbox 102 3562 190 3655; x_wconf 79' lang='lat' dir='ltr'><em>star,</em></span> <span class='ocrx_word' id='word_1_228' title='bbox 214 3582 290 3635; x_wconf 90' lang='lat' dir='ltr'>non</span> <span class='ocrx_word' id='word_1_229' title='bbox 308 3582 372 3655; x_wconf 89' lang='lat' dir='ltr'>per</span> <span class='ocrx_word' id='word_1_230' title='bbox 386 3563 525 3638; x_wconf 83' lang='lat' dir='ltr'>literam</span> <span class='ocrx_word' id='word_1_231' title='bbox 540 3562 746 3658; x_wconf 82' lang='lat' dir='ltr'>vetustatis,</span> <span class='ocrx_word' id='word_1_232' title='bbox 771 3562 893 3654; x_wconf 88' lang='lat' dir='ltr'>idest,</span> <span class='ocrx_word' id='word_1_233' title='bbox 918 3563 1029 3657; x_wconf 78' lang='lat' dir='ltr'>legis3</span> <span class='ocrx_word' id='word_1_234' title='bbox 1055 3562 1151 3636; x_wconf 89' lang='lat' dir='ltr'>ause·</span> 
     </span>
     <span class='ocr_line' id='line_1_32' title="bbox 101 3661 1152 3757; baseline -0.001 -20"><span class='ocrx_word' id='word_1_235' title='bbox 101 3682 185 3739; x_wconf 79' lang='lat' dir='ltr'>rens</span> <span class='ocrx_word' id='word_1_236' title='bbox 204 3676 242 3735; x_wconf 85' lang='lat' dir='ltr'>te</span> <span class='ocrx_word' id='word_1_237' title='bbox 264 3664 410 3757; x_wconf 81' lang='lat' dir='ltr'>alege,</span> <span class='ocrx_word' id='word_1_238' title='bbox 447 3684 524 3752; x_wconf 85' lang='lat' dir='ltr'>quae</span> <span class='ocrx_word' id='word_1_239' title='bbox 547 3683 623 3736; x_wconf 87' lang='lat' dir='ltr'>non</span> <span class='ocrx_word' id='word_1_240' title='bbox 646 3675 749 3737; x_wconf 86' lang='lat' dir='ltr'>tenet</span> <span class='ocrx_word' id='word_1_241' title='bbox 764 3682 914 3736; x_wconf 85' lang='lat' dir='ltr'>uxorem</span> <span class='ocrx_word' id='word_1_242' title='bbox 936 3661 1068 3733; x_wconf 88' lang='lat' dir='ltr'>marito</span> <span class='ocrx_word' id='word_1_243' title='bbox 1091 3662 1152 3736; x_wconf 89' lang='lat' dir='ltr'>de·</span> 
     </span>
     <span class='ocr_line' id='line_1_33' title="bbox 101 3759 1152 3855; baseline -0.005 -16"><span class='ocrx_word' id='word_1_244' title='bbox 101 3759 248 3853; x_wconf 69' lang='lat' dir='ltr'>uncto,</span> <span class='ocrx_word' id='word_1_245' title='bbox 274 3760 473 3854; x_wconf 85' lang='lat' dir='ltr'>quominus</span> <span class='ocrx_word' id='word_1_246' title='bbox 490 3762 547 3833; x_wconf 87' lang='lat' dir='ltr'>alii</span> <span class='ocrx_word' id='word_1_247' title='bbox 560 3764 643 3835; x_wconf 88' lang='lat' dir='ltr'><em>viro</em></span> <span class='ocrx_word' id='word_1_248' title='bbox 656 3761 737 3855; x_wconf 83' lang='lat' dir='ltr'>fiat,</span> <span class='ocrx_word' id='word_1_249' title='bbox 759 3761 802 3834; x_wconf 92' lang='lat' dir='ltr'>ad</span> <span class='ocrx_word' id='word_1_250' title='bbox 815 3761 1027 3833; x_wconf 86' lang='lat' dir='ltr'><em>contrariam</em></span> <span class='ocrx_word' id='word_1_251' title='bbox 1043 3774 1081 3832; x_wconf 89' lang='lat' dir='ltr'>te</span> <span class='ocrx_word' id='word_1_252' title='bbox 1095 3782 1152 3835; x_wconf 88' lang='lat' dir='ltr'>re·</span> 
     </span>
     <span class='ocr_line' id='line_1_34' title="bbox 102 3856 1152 3955; baseline -0.001 -20"><span class='ocrx_word' id='word_1_253' title='bbox 102 3860 191 3955; x_wconf 80' lang='lat' dir='ltr'>digit</span> <span class='ocrx_word' id='word_1_254' title='bbox 211 3860 475 3951; x_wconf 83' lang='lat' dir='ltr'>conditionem,</span> <span class='ocrx_word' id='word_1_255' title='bbox 501 3881 548 3934; x_wconf 86' lang='lat' dir='ltr'>ne</span> <span class='ocrx_word' id='word_1_256' title='bbox 569 3859 688 3935; x_wconf 85' lang='lat' dir='ltr'>amisso</span> <span class='ocrx_word' id='word_1_257' title='bbox 712 3862 795 3934; x_wconf 84' lang='lat' dir='ltr'><em>viro</em></span> <span class='ocrx_word' id='word_1_258' title='bbox 809 3856 938 3931; x_wconf 89' lang='lat' dir='ltr'>nubas:</span> <span class='ocrx_word' id='word_1_259' title='bbox 964 3872 1152 3949; x_wconf 89' lang='lat' dir='ltr'>quantum·</span> 
     </span>
     <span class='ocr_line' id='line_1_35' title="bbox 102 3956 1152 4054; baseline 0.003 -23"><span class='ocrx_word' id='word_1_260' title='bbox 102 3978 172 4053; x_wconf 85' lang='lat' dir='ltr'>que</span> <span class='ocrx_word' id='word_1_261' title='bbox 183 3976 259 4031; x_wconf 88' lang='lat' dir='ltr'>non</span> <span class='ocrx_word' id='word_1_262' title='bbox 275 3956 492 4051; x_wconf 83' lang='lat' dir='ltr'>deputareris</span> <span class='ocrx_word' id='word_1_263' title='bbox 508 3960 684 4054; x_wconf 88' lang='lat' dir='ltr'>adultera,</span> <span class='ocrx_word' id='word_1_264' title='bbox 710 3956 801 4035; x_wconf 79' lang='lat' dir='ltr'>faila</span> <span class='ocrx_word' id='word_1_265' title='bbox 815 3956 917 4029; x_wconf 87' lang='lat' dir='ltr'>alteri</span> <span class='ocrx_word' id='word_1_266' title='bbox 932 3956 1041 4051; x_wconf 83' lang='lat' dir='ltr'><em>viro,</em></span> <span class='ocrx_word' id='word_1_267' title='bbox 1067 3960 1152 4053; x_wconf 89' lang='lat' dir='ltr'>post</span> 
     </span>
     <span class='ocr_line' id='line_1_36' title="bbox 101 4054 1149 4156; baseline -0.001 -23"><span class='ocrx_word' id='word_1_268' title='bbox 101 4066 256 4133; x_wconf 82' lang='lat' dir='ltr'>mortem</span> <span class='ocrx_word' id='word_1_269' title='bbox 268 4056 405 4150; x_wconf 87' lang='lat' dir='ltr'><em>mariti,</em></span> <span class='ocrx_word' id='word_1_270' title='bbox 428 4058 580 4133; x_wconf 84' lang='lat' dir='ltr'>fiadhuc</span> <span class='ocrx_word' id='word_1_271' title='bbox 592 4059 628 4132; x_wconf 89' lang='lat' dir='ltr'>in</span> <span class='ocrx_word' id='word_1_272' title='bbox 641 4062 721 4156; x_wconf 87' lang='lat' dir='ltr'>lege</span> <span class='ocrx_word' id='word_1_273' title='bbox 733 4074 837 4155; x_wconf 82' lang='lat' dir='ltr'>agere</span> <span class='ocrx_word' id='word_1_274' title='bbox 852 4054 1022 4149; x_wconf 78' lang='lat' dir='ltr'>deberes,</span> <span class='ocrx_word' id='word_1_275' title='bbox 1043 4075 1149 4133; x_wconf 87' lang='lat' dir='ltr'>tantu</span> 
     </span>
     <span class='ocr_line' id='line_1_37' title="bbox 39 4151 1149 4252; baseline 0.003 -23"><span class='ocrx_word' id='word_1_276' title='bbox 39 4184 43 4192; x_wconf 95' lang='lat'>·</span> <span class='ocrx_word' id='word_1_277' title='bbox 102 4174 149 4229; x_wconf 82' lang='lat' dir='ltr'>ex</span> <span class='ocrx_word' id='word_1_278' title='bbox 166 4151 369 4229; x_wconf 79' lang='lat' dir='ltr'>diversutate</span> <span class='ocrx_word' id='word_1_279' title='bbox 384 4156 603 4237; x_wconf 79' lang='lat' dir='ltr'>conditionis</span> <span class='ocrx_word' id='word_1_280' title='bbox 621 4157 782 4234; x_wconf 88' lang='lat' dir='ltr'>adulterii</span> <span class='ocrx_word' id='word_1_281' title='bbox 797 4171 834 4231; x_wconf 88' lang='lat' dir='ltr'>te</span> <span class='ocrx_word' id='word_1_282' title='bbox 847 4154 1053 4250; x_wconf 82' lang='lat' dir='ltr'>praejudicat</span> <span class='ocrx_word' id='word_1_283' title='bbox 1067 4158 1149 4252; x_wconf 86' lang='lat' dir='ltr'>post</span> 
     </span>
    </p>

    <p class='ocr_par' dir='ltr' id='par_1_4' title="bbox 1002 4274 1097 4333">
     <span class='ocr_line' id='line_1_38' title="bbox 1002 4274 1097 4333; baseline -0.095 0"><span class='ocrx_word' id='word_1_284' title='bbox 1002 4274 1097 4333; x_wconf 87' lang='lat' dir='ltr'>mor·</span> 
     </span>
    </p>
   </div>
   <div class='ocr_carea' id='block_1_3' title="bbox 0 0 1204 4590">
    <p class='ocr_par' dir='ltr' id='par_1_5' title="bbox 0 0 1204 4590">
     <span class='ocr_line' id='line_1_39' title="bbox 0 0 1204 4590; baseline 0 3"><span class='ocrx_word' id='word_1_285' title='bbox 0 0 1204 4590; x_wconf 95' lang='lat' dir='ltr'> </span> 
     </span>
    </p>
   </div>
  </div>
 </body>
</html>
