2400 4590
445 61 548 156 aas

206 478 267 576 n't
300 488 739 579 Rusuanacr'roua'
768 482 975 579 casuris
1038 516 1110 599 537

59 664 144 739 dum
162 664 365 737 ministra&
383 662 514 737 famula
526 665 649 737 animae
666 666 878 757 deputatur,
912 660 1059 737 consors
1075 664 1112 737 dt

61 768 218 835 cohaeres
232 764 433 837 invenitur:
456 764 482 839 sr
498 766 765 857 temporalium,
793 783 857 836 cur
870 782 946 835 non
963 760 997 833 a
1012 776 1112 836 ater·

58 861 215 938 norum?
598 912 601 919 -
807 932 812 941 ,

136 971 167 1041 8.
188 960 234 1032 Et
249 962 324 1034 hae
340 961 479 1051 quidem
495 964 598 1035 velut
612 961 656 1035 de
669 962 811 1055 publica
823 962 939 1035 forma
952 962 1112 1035 humana
1167 1034 1170 1045 ,

59 1059 280 1136 conditionis
297 1060 456 1156 suffragia
473 1063 567 1135 carni
585 1063 864 1159 procura-aerim.
917 1062 1112 1135 Videamus

56 1172 156 1234 nunc
187 1160 231 1232 de
261 1160 408 1253 propria
438 1162 543 1233 etiam
567 1160 753 1234 Christiani
784 1162 938 1235 nominis
967 1160 1111 1252 forma,

58 1272 191 1351 quanta
224 1259 307 1331 huic
338 1259 534 1333 substantiae
566 1260 709 1333 frivolae
740 1282 781 1333 ac
811 1259 980 1352 sordidae,
1018 1260 1112 1353 apud

55 1358 177 1431 Deum
197 1361 433 1455 praerogativa
452 1360 512 1433 stt:
538 1359 611 1431 &st
632 1358 806 1433 sufficeret
826 1360 876 1433 illi
898 1360 995 1453 quod
1013 1361 1111 1431 nulla

57 1460 209 1529 omnino
231 1459 344 1531 anima
360 1456 506 1532 salutem
530 1458 634 1552 poiht
653 1457 815 1553 adipisci,
847 1458 934 1557 nih,
957 1460 1039 1532 dum
1061 1458 1113 1530 est

55 1558 250 1648 incarne,
284 1558 491 1631 crediderit:
530 1558 621 1631 adeo
648 1580 733 1631 caro
762 1560 878 1631 salutis
906 1558 957 1630 est
989 1558 1111 1631 cardo'.

54 1655 225 1745 Denique
245 1678 323 1727 cum
346 1659 460 1730 anima
474 1658 557 1729 Deo
578 1660 759 1753 allegitur,
785 1657 857 1751 ipsa
876 1656 927 1729 est
947 1678 1023 1747 quae
1040 1654 1112 1729 effi·

58 1756 137 1847 cit,
168 1770 210 1827 ut
233 1759 346 1827 anima
370 1756 472 1851 allegi
496 1757 608 1849 pollit.
658 1757 804 1829 Scilicet
828 1776 914 1831 caro
940 1759 1109 1849 abluitur,

54 1870 99 1925 ut
119 1858 233 1927 anima
252 1858 482 1929 emaculetur.
533 1854 629 1927 Caro
645 1856 812 1953 ungitur,
839 1872 881 1928 ut
896 1858 1009 1929 anima
1024 1876 1112 1927 con·

52 1951 223 2045 secratur.
260 1953 356 2027 Caro
371 1956 543 2051 signatur,
559 1970 601 2026 ut
615 1955 649 2027 a
665 1956 779 2027 anima
793 1958 981 2031 muniatur.
1016 1954 1111 2027 Caro

52 2075 177 2127 manus
194 2054 422 2145 impofitione
445 2054 699 2147 adumbratur,
732 2072 774 2126 ut
796 2056 828 2127 u
856 2057 971 2127 anima
992 2056 1112 2147 spiritu

52 2154 282 2227 illuminetur.
345 2152 440 2225 Caro
468 2174 624 2245 corpore
648 2154 681 2226 ἃ
705 2153 870 2249 sanguine
894 2152 1021 2226 Christi
1047 2176 1111 2225 ve·

54 2250 188 2341 scitur,
213 2270 254 2323 ut
276 2253 308 2324 dc
329 2255 443 2325 anima
461 2254 504 2326 de
518 2253 602 2326 Deo
622 2252 808 2349 saginetur.
860 2253 949 2325 Non
966 2252 1111 2346 poliunt

56 2372 143 2445 ergo
157 2350 305 2441 separari
318 2355 353 2423 in
364 2353 549 2443 mercede,
565 2373 650 2443 quas
664 2375 774 2444 opera
787 2354 987 2448 conjungit.
1014 2353 1110 2426 Nam

56 2448 274 2523 &sacrificia
292 2451 375 2520 Deo
395 2466 522 2619 ἔξω,
557 2452 839 2524 conssittationes
865 2454 947 2523 dico
974 2454 1111 2543 animae,

50 2552 206 2643 jejunia,
235 2550 268 2618 δι
287 2548 377 2621 seras
447 2549 558 2621 aridas
578 2548 692 2637 el'cas,
723 2551 987 2643 &adpendices
1008 2551 1112 2639 hujus

55 2648 163 2721 officii
191 2648 322 2720 sordes,
378 2647 472 2719 Caro
495 2649 539 2719 de
557 2645 706 2742 proprio
729 2646 793 2718 sno
812 2647 1043 2719 incommodo
1061 2649 1113 2717 in·
1148 2692 1152 2699 Α

54 2748 206 2820 statuat:
234 2748 416 2839 virginitas
433 2768 578 2838 quoque
597 2746 630 2818 dt
651 2747 827 2839 viduitas,
855 2746 1060 2818 &modesta
1075 2747 1113 2819 in
1144 2744 1147 2749 ’

56 2852 206 2920 occulto
240 2846 454 2918 matrimonii
479 2846 726 2938 diihmulatiO,
761 2867 830 2917 una
856 2847 994 2918 noticia
1022 2848 1110 2937 ejus,

54 2948 221 3019 debonis
239 2947 353 3017 carnis
374 2946 459 3017 Deo
477 2946 675 3020 edolantur.
727 2944 807 3040 Age
820 2948 892 3039 jam
909 2945 991 3037 quid
1009 2946 1052 3017 de
1071 2966 1113 3018 ea

55 3046 189 3137 sentis,
217 3068 299 3118 cnm
317 3065 386 3137 pro
400 3046 554 3118 nominis
568 3042 638 3117 fide
654 3047 691 3117 in
703 3046 856 3119 medium
875 3044 1049 3135 encratia,
1077 3044 1113 3116 δε

58 3146 146 3217 odio
170 3148 317 3235 publico
343 3145 501 3237 exposrta
526 3145 709 3235 decertat,
745 3166 826 3218 curn
851 3146 888 3217 in
912 3146 1113 3217 carceribus

58 3256 282 3337 maceratur,
320 3246 505 3316 teterrimo
529 3246 616 3316 lucis
640 3247 774 3338 exilio,
804 3246 952 3339 penuria
974 3244 1111 3333 mundi,

56 3341 239 3433 serralore,
264 3345 428 3437 paedore,
448 3347 667 3417 contumelia
684 3344 817 3438 vitius,
839 3368 883 3435 ne
899 3343 1024 3414 somno
1038 3344 1113 3433 qui·

56 3444 137 3515 dem
153 3442 281 3533 libera,
308 3447 438 3534 quippe
452 3445 531 3535 ipsis
547 3448 652 3515 etiam
666 3446 839 3516 cubilibus
857 3440 993 3532 vincla,
1016 3440 1113 3533 iphs·

56 3564 126 3634 que
149 3541 343 3615 stramentis
366 3545 567 3633 lancinata,
601 3565 682 3616 cum
701 3545 772 3635 jam
794 3544 827 3616 dc
846 3545 882 3613 in
909 3544 991 3613 luce
1012 3542 1112 3614 omni

55 3656 322 3715 tormentorum
346 3644 610 3714 machinatione
636 3644 816 3731 laniatur,
852 3663 932 3713 cum
959 3641 1114 3731 denique

59 3738 233 3833 suppliciis
258 3756 427 3835 erogatur
449 3741 540 3815 enisa
562 3741 712 3815 reddere
734 3739 874 3813 Christo
896 3743 1015 3811 vicem
1035 3760 1115 3812 mo·

57 3840 184 3911 riendo
199 3861 265 3933 pro
282 3840 377 3932 ipl'o,
405 3840 438 3912 u
455 3842 596 3932 quidem
609 3861 673 3934 per
688 3841 833 3913 eandem
850 3860 992 3911 crucem
1008 3836 1117 3931 saepe,

56 3939 186 4012 nedum
206 3961 269 4033 per
287 3940 468 4011 atrociora
483 3962 628 4032 quoque
643 3941 784 4037 ingenia
802 3960 993 4032 poenarum.
1044 3938 1114 4011 Nae

55 4041 115 4111 illa
131 4040 319 4111 beatillima
334 4040 367 4110 dt
380 4039 643 4134 gloriosrllima,
678 4060 753 4130 quae
767 4037 888 4130 potest
903 4037 995 4135 apud
1013 4036 1113 4108 Chri·
1182 4084 1185 4089 -

55 4137 147 4214 stum
170 4138 354 4212 dominum
377 4159 503 4231 patere
526 4138 651 4212 debito
676 4152 804 4211 tanto:
841 4152 883 4211 ut
903 4140 975 4213 hoc
1000 4135 1112 4213 solum

561 4236 662 4327 Lls
958 4237 1062 4310 debe·
