2468 4530
83 464 164 561 690
244 461 295 561 Q.
320 458 464 533 Sarr.
490 454 637 533 Fron,
661 452 1006 537 Traruarartr

89 622 151 697 lle
172 642 242 715 qua
258 620 400 693 dicebat
418 638 484 713 per
501 630 606 691 vates
623 615 768 713 spiritus
784 620 896 695 olim:

89 724 179 797 Hac
194 722 318 819 genuit
335 734 478 815 gentem
495 720 615 793 multis
631 740 677 791 ex
692 722 868 814 gentibus
883 742 1006 815 unam,

91 822 203 915 Cujus
219 820 396 913 principio
416 818 552 911 semper
570 820 628 911 pia
651 821 814 892 membra
835 822 1017 896 laborant.

145 946 176 995 a.
203 919 318 1012 Hujus
338 920 430 989 Abel
444 914 557 1011 justus
572 916 693 1011 pallor
708 919 971 1013 pecudumque
983 918 1129 1018 magister

94 1023 271 1093 l'ratcrnae
287 1019 425 1091 occidit
444 1038 548 1109 quem
567 1018 653 1091 olim
667 1018 853 1091 violentia
869 1022 1021 1095 dextre.

91 1122 209 1211 llujus
229 1116 381 1209 Enoch,
408 1118 543 1213 insigne
558 1119 667 1191 decus
685 1119 730 1191 de
751 1139 920 1212 corpore
937 1122 1123 1195 membrum

91 1222 177 1291 Deo
194 1214 363 1313 digrelsos
383 1218 541 1313 populos
556 1216 766 1308 facinusque
779 1216 994 1313 sequentes,

93 1318 191 1393 Dum
207 1316 295 1389 surit
309 1320 346 1389 in
363 1318 469 1389 terris
485 1318 688 1411 refugarum
710 1320 819 1391 turba
838 1320 1046 1415 latronum,

90 1418 309 1513 Sagrilcgum
327 1438 439 1513 genus
454 1432 495 1489 ut
509 1416 652 1513 sugeret
664 1416 811 1490 crudele
825 1420 1033 1515 gigantum,

93 1516 252 1588 Consilio
269 1514 489 1603 revocabat,
513 1518 552 1589 in
569 1516 735 1589 omnibus
752 1514 828 1612 ipse
846 1516 988 1617 fidelis,

92 1616 232 1711 lngenti
247 1612 383 1711 gemitu
399 1616 552 1707 placuit,
577 1615 781 1706 meritoque
797 1618 937 1691 labore

91 1714 322 1787 'l'ranslatum
336 1736 467 1811 magno
481 1716 608 1811 pignus
622 1712 786 1787 seruatur
801 1716 972 1793 honore.

95 1812 276 1887 retractus
291 1813 416 1905 laude,
444 1814 564 1887 &stne
580 1815 683 1906 culpa
699 1814 786 1885 Noa
803 1834 984 1907 repertus

92 1910 326 1987 'l'cstiiicante
341 1912 427 1985 Dco
439 1912 551 2005 iustus
565 1914 603 1985 in
624 1913 783 1985 adultera
798 1916 929 2011 plebe,

93 2013 151 2085 llis
170 2012 424 2109 quinquagenis
441 2032 558 2087 arcam
572 2014 632 2105 qui
648 2014 766 2085 texuit
781 2017 902 2107 annis,

86 2104 298 2185 Venturum
313 2112 491 2184 excidium
508 2108 606 2183 fastis
620 2112 655 2183 ἃ
669 2132 767 2183 voce
782 2112 948 2213 serebat,

92 2212 296 2282 Promeruit
310 2212 415 2281 tantis
433 2226 576 2301 ereptus
590 2214 717 2283 mortis
732 2213 775 2283 ab
791 2214 918 2308 undis,

92 2308 237 2381 Etcum
253 2309 358 2401 prole
373 2305 432 2380 sua
447 2307 618 2385 servatur.
671 2310 790 2382 Gentc
806 2310 991 2404 sequente

92 2406 155 2481 Est
169 2406 372 2500 Abraham,
399 2410 499 2500 cujus
512 2424 641 2506 gnatos
658 2432 727 2482 vos
745 2409 813 2483 else
834 2418 999 2509 negatis,

94 2509 166 2605 Qui
189 2510 321 2601 primus
340 2530 469 2604 genere
488 2514 523 2581 dt
539 2511 673 2604 patria,
700 2510 920 2606 &genitore
935 2517 1066 2593 rclislo

91 2610 202 2680 Voce
219 2606 289 2680 Dei
307 2606 421 2680 suasus
437 2608 568 2682 secessit
584 2611 621 2683 in
640 2624 763 2682 extera
777 2631 904 2707 regna,

92 2707 235 2780 'santos
254 2707 324 2779 Dei
343 2710 473 2779 meruit
487 2705 640 2781 sublimis
656 2710 779 2805 dignus
799 2710 987 2806 honores,

92 2808 274 2879 Gentibus
290 2822 331 2876 ut
346 2821 448 2898 pater
466 2808 656 2901 &populis
673 2811 905 2883 credentibus
924 2814 1027 2889 essct

93 2906 183 2979 Cum
200 2906 358 2997 patribus
372 2907 507 2999 Jacob,
534 2928 686 2999 quornm
707 2923 808 3001 pater
824 2911 899 3003 ipse
915 2935 986 3005 per
1004 2936 1106 2991 omne

90 3004 189 3078 Vite
203 3002 272 3075 suae
289 3002 437 3097 spatium
454 3007 618 3081 latilsrma
634 3022 797 3101 tempora
811 3006 945 3085 Christi

91 3104 302 3178 Praececinit
319 3106 459 3193 verbis,
488 3104 586 3193 astu,
613 3107 773 3197 virtute,
801 3110 942 3186 labore.

92 3204 201 3277 Hunc
216 3200 372 3295 sequitur
386 3202 539 3297 Joseplt,
559 3204 661 3279 foedae
675 3206 747 3281 sine
760 3204 866 3279 sorde
876 3211 1062 3310 juventae,

91 3302 301 3375 Carceris&
316 3302 412 3375 durae
429 3298 582 3377 consita
596 3307 770 3379 calumnia
784 3328 909 3399 poenae.

90 3402 219 3474 Gloria
235 3400 318 3493 post
331 3402 506 3497 gemitus,
532 3406 701 3500 regnique
713 3404 867 3479 secunda
885 3430 1047 3509 corona,

90 3502 204 3591 Inque
220 3500 312 3573 fame
332 3502 431 3593 panis
450 3504 629 3577 tribuendi
644 3506 739 3599 larga
757 3507 930 3599 potestas.

89 3599 182 3672 'sam
201 3600 346 3692 propria
366 3597 515 3693 Christi,
542 3616 614 3677 tam
634 3604 751 3677 lucida
769 3608 861 3679 lucis
882 3609 1007 3709 imago

89 3699 268 3772 Omnibus
286 3698 337 3773 est
350 3699 551 3792 manifesta,
579 3704 706 3794 quibus
727 3704 807 3776 sunt
825 3707 965 3783 lumina
983 3716 1102 3807 menti,

87 3796 142 3877 Ut
156 3796 301 3889 speculo
317 3800 440 3872 vultus
457 3798 591 3875 sirmam
605 3801 699 3895 spem
719 3824 869 3879 cernere
884 3812 1030 3903 poffint.

86 3896 194 3987 judas
213 3896 285 3989 ipse
303 3897 429 3991 Pater,
454 3904 582 3997 regalis
599 3901 702 3975 sortis
718 3924 843 4000 ongo:

86 3996 196 4067 Unde
214 3998 321 4069 duces
339 4000 470 4094 geniti,
498 4002 600 4093 cujus
623 4003 667 4074 de
689 4001 823 4079 semine
842 4028 950 4107 reges

84 4090 283 4189 Nunquam
300 4095 514 4197 defuepunt,
539 4100 660 4177 donec
676 4119 836 4181 ventura
849 4111 1013 4207 potestas

1011 4210 1095 4287 Gen.
