2400 4590
229 556 232 561 ·
299 516 927 605 ιιιΜοιιοοιιιιι..
1040 542 1108 619 ¹5!

54 706 171 779 nere,
209 678 474 759 aliud'modum
497 682 654 759 nubendi
683 682 868 761 statuere·
917 682 1026 763 Plane
1048 688 1111 781 qud

57 786 284 883 exprobrant
322 787 428 858 nobis
472 784 633 857 duritiam
674 787 737 859 vel
779 782 934 859 haerelim
968 786 1006 859 in
1043 789 1111 863 hac

56 884 202 977 mulsa,
238 884 263 959 fi
290 884 467 958 intantum
491 884 624 959 fovent
647 886 762 957 carnis
782 882 1042 980 infirmitatem,
1067 902 1111 965 ut

55 988 94 1061 in
118 984 293 1061 nubendo
326 983 533 1075 frequenter
557 980 789 1057 sustinendam
813 1000 962 1079 putent,
988 1005 1052 1057 cur
1071 986 1121 1065 il-'

53 1088 127 1161 lam
160 1086 201 1158 in
230 1085 298 1155 alia
328 1082 441 1155 caussa
471 1104 589 1175 neque
619 1078 817 1175 sustinent,
855 1105 973 1177 neque
1006 1087 1114 1159 venio

57 1185 219 1273 fovent,
251 1204 333 1255 curn
365 1183 553 1257 tormentis
585 1194 782 1275 expugnata
815 1181 925 1255 estin
951 1183 1114 1281 negatio·

57 1282 167 1359 nani
202 1280 340 1373 Utique
361 1283 454 1357 enim
476 1282 572 1357 illam
592 1282 700 1375 magis
715 1277 873 1354 excusari
890 1284 1007 1376 capit,
1035 1300 1135 1376 que,

58 1384 97 1459 in
117 1382 244 1477 prelio
269 1379 427 1473 cecidit,
462 1400 566 1473 quam
590 1400 668 1472 quae
690 1382 729 1454 in
753 1382 943 1457 cubiculo:
973 1404 1051 1475 quo
1073 1384 1114 1459 ln

59 1482 218 1575 equrdeo
237 1477 440 1573 succubuit,
466 1498 569 1572 quam
584 1479 710 1569 quein
723 1478 873 1554 sedulo:
899 1482 1115 1573 quaecrudo

60 1581 152 1659 liud
169 1578 287 1672 cellit,
313 1600 417 1670 quam
435 1598 514 1669 quae
528 1577 683 1651 libidini:
716 1599 793 1670 quau
812 1600 955 1677 gemens
973 1580 1116 1657 dcvi&

61 1680 133 1775 eli,
158 1700 264 1771 quam
283 1698 361 1770 quoe
374 1675 513 1752 subant.
563 1676 633 1750 Sed
652 1676 747 1751 illam
763 1678 903 1771 quidem
920 1702 941 1753 a
957 1700 1116 1755 commu

56 1780 245 1855 mentione
260 1778 463 1871 depellunt,
478 1777 648 1870 quianon
659 1772 819 1849 sustinuit
829 1779 867 1853 in
879 1776 1004 1855 finem:
1022 1781 1115 1855 hane

60 1900 153 1953 vero
176 1876 394 1972 suscipiunt,
433 1875 526 1969 quasi
546 1878 585 1949 dt
610 1877 686 1949 haec
708 1874 908 1951 sustinuerit
928 1880 965 1951 in
993 1877 1114 1960 finem

60 1976 233 2081 Propone
258 1976 342 2068 quid
362 1990 513 2069 utraque
535 1996 613 2047 non
639 1971 838 2049 sustinuerit
858 1978 896 2051 in
915 1974 1045 2073 finem,
1079 1980 1116 2055 dt

60 2078 227 2151 inveniet
252 2076 329 2169 eJ'ua
355 2074 504 2149 caussam
529 2074 794 2167 honestiorem,
820 2096 897 2167 que
922 2074 1115 2175 saevitiam,

60 2198 166 2269 quam
186 2196 263 2268 quae
278 2174 483 2269 pudicitiam
495 2172 660 2247 sustinere
676 2196 752 2247 non
773 2180 913 2268 potuit:
940 2178 974 2251 dt
995 2192 1116 2253 tamen

61 2297 132 2350 nec
153 2288 339 2348 cruentam
360 2271 595 2347 defetiionem
618 2272 800 2347 infirmitas
821 2277 934 2350 carnis
955 2279 1113 2373 excusat,

63 2374 193 2447 nedum
206 2375 430 2466 impudicam.

146 2476 198 2547 16.
222 2474 339 2544 Rideo
366 2486 483 2545 autem
510 2492 591 2545 cum
613 2469 796 2546 infirmitas
823 2476 937 2548 carnis
963 2477 1115 2570 opponi·

61 2588 144 2664 tur,
161 2592 238 2663 quae
252 2570 382 2645 summa
393 2572 571 2645 fortitudo
585 2571 733 2643 dicenda
744 2572 804 2647 est.
831 2574 964 2647 lterum
980 2578 1116 2648 nubere

62 2672 115 2747 est
126 2693 185 2745 res
204 2672 348 2745 virium:
372 2671 554 2765 resurgere
566 2671 602 2740 in
616 2692 728 2761 opera
743 2673 856 2741 carnis
873 2672 916 2741 de
931 2673 1119 2745 continen-

62 2774 123 2843 tia:
149 2770 257 2862 otio,
292 2770 480 2843 substantia
502 2767 550 2839 est
571 2770 744 2839 laterum:
780 2769 857 2839 talis
879 2765 1060 2841 infirmitas
1082 2770 1118 2843 dt

64 2873 179 2944 tertio
202 2869 237 2940 δι
260 2884 386 2960 quarto
410 2867 576 2958 &usque
600 2867 748 2958 septimo
774 2868 918 2941 forsitan
939 2868 1117 2942 matrimo-

64 2973 128 3043 nio
152 2966 296 3043 sufficit:
327 2985 369 3041 ut
388 2990 465 3060 quae
483 2968 619 3039 totiens
643 2966 797 3058 fortior,
826 2970 990 3060 quotiens
1009 2968 1119 3043 fuerit

64 3066 262 3158 infirmior,
283 3069 444 3141 habitura
453 3069 524 3157 jam
537 3087 613 3140 non
625 3064 839 3158 Apostolum
856 3082 1038 3161 autorem,
1059 3067 1121 3143 sed

65 3168 334 3262 Hermogenem
357 3169 535 3258 aliquem,
569 3169 688 3257 plures
710 3164 851 3239 solitum
870 3171 1031 3242 mulieres
1056 3169 1122 3242 du·

69 3287 175 3360 cere,
202 3288 305 3357 quam
325 3268 491 3362 pingere:
523 3265 671 3337 materia
689 3266 781 3338 enirn
807 3267 842 3337 in
862 3267 926 3339 illo
950 3268 1119 3358 abundat,

70 3364 216 3438 unde&
241 3368 389 3437 animam
408 3363 478 3437 esse
498 3363 729 3455 presumens,
762 3368 877 3437 multo
898 3370 1006 3459 magis
1025 3364 1121 3455 spirl-

71 3478 146 3537 tum
167 3486 188 3536 a
204 3463 287 3537 Deo
303 3482 379 3537 non
394 3465 523 3550 habet3
546 3465 617 3554 jam
631 3482 699 3537 nec
711 3461 920 3556 Psychicus,
946 3464 1027 3554 qitia
1043 3482 1122 3538 non

71 3564 115 3637 de
134 3560 256 3637 afflatu
270 3562 339 3635 Dei
355 3562 556 3656 Psychicus,
609 3562 705 3661 Quid
727 3562 750 3634 sr
770 3565 925 3655 inopiam
944 3564 1020 3651 quis
1041 3582 1122 3635 cau·

71 3662 186 3754 setur,
203 3680 244 3735 ut
259 3683 398 3738 carnem
412 3661 505 3735 suam
519 3677 641 3755 aperte
657 3662 879 3757 prostitutam
891 3655 1121 3756 profiteatur,

72 3763 302 3836 exhibitionis
324 3759 438 3835 caussa
456 3761 671 3853 nubentem,
698 3756 832 3834 oblitus
852 3761 895 3832 de
915 3757 1003 3830 visin
1015 3762 1053 3835 U
1069 3786 1123 3831 va·

62 3862 144 3959 flitu
166 3886 233 3931 nm
256 3858 311 3952 effe
330 3867 536 3953 cogitandum.
585 3860 705 3933 Habet
724 3861 841 3934 Deum
864 3861 969 3932 etiam
988 3878 1124 3933 corvo·

70 3980 150 4033 rum
172 3960 433 4053 educatorem,
464 3961 572 4035 etiam
591 3958 722 4035 florum
739 3960 973 4034 excultorem.
1024 3957 1123 4055 Quid

70 4060 96 4133 sr
112 4058 342 4134 solitudinem
361 4056 486 4135 domus
502 4061 696 4149 obtendat,
723 4057 816 4149 quasi
831 4076 901 4129 una
916 4056 1041 4132 mulier
1056 4062 1124 4127 no·

73 4159 257 4255 quantiam
275 4154 437 4258 praestct,
457 4160 595 4243 homini
609 4160 653 4235 ad
670 4156 790 4257 sugam
804 4156 990 4255 proximor
1015 4151 1124 4267 habet

1022 4273 1075 4331 ul·
