2400 4590
102 568 175 641 734
241 547 297 645 ¹Q.
323 542 462 619 Srrr.
487 540 630 621 Fron.
654 540 1037 621 Trnruuursns

100 706 201 799 Supe
219 706 363 796 quidem
377 706 500 798 musti,
527 706 713 779 renovatis
732 706 949 801 mentibus,
975 724 1085 803 aegroe

100 806 302 879 Restituere
317 808 475 879 animos:
500 804 626 897 &que
644 806 678 878 se
695 804 799 897 posse
817 809 1024 903 negabant,

100 905 348 997 Pertulerant‚
375 904 598 999 siusiumque
611 904 661 979 sui
680 925 815 1000 cepere
832 906 991 983 laboris.

101 1006 213 1081 Multi
230 1006 334 1078 etiam
350 1001 488 1077 sansios
506 1004 576 1079 aufi
591 1006 808 1099 contingere
821 1004 973 1101 sontes,

102 1102 298 1177 Discessere
310 1104 440 1177 iterum
457 1100 602 1197 subito,
625 1118 803 1197 retroque
818 1108 973 1202 relapsi,

102 1202 277 1279 sordibus
295 1203 329 1275 δι
349 1222 453 1275 coeno
470 1201 561 1277 misti
577 1205 783 1277 volvuntur
797 1208 956 1279 eodem.

101 1304 213 1379 Multi
227 1324 318 1375 vero
337 1304 441 1376 bono
460 1316 649 1396 portantes
662 1302 833 1395 pastore,
862 1310 966 1381 totis

103 1400 301 1496 Accipiunt
319 1403 464 1494 animis,
489 1402 704 1495 penitusque
722 1402 760 1475 in
781 1404 934 1481 viscera
957 1408 1121 1485 condunt

102 1500 202 1599 Ergo
220 1503 279 1593 qui
295 1500 411 1574 sacros
426 1498 572 1595 possunt
582 1504 755 1576 accedere
769 1502 921 1601 sontes,

102 1602 262 1696 Septima
276 1605 337 1675 lux
350 1602 432 1675 illos
450 1613 577 1695 optata
589 1600 674 1676 sistit
691 1602 735 1675 ad
747 1602 886 1697 undas,

101 1699 228 1797 Tingit
248 1700 282 1775 bc
299 1702 335 1774 in
356 1701 495 1793 liquidis
513 1702 656 1794 jejunos
672 1699 838 1775 sontibus
861 1718 985 1783 artus.

104 1800 163 1874 Sic
179 1802 319 1875 demum
336 1801 495 1875 illuviem
511 1802 662 1894 mentis,
687 1802 847 1895 viteque
862 1808 1011 1899 prioris

104 1900 309 1995 Deponunt
327 1902 463 1996 labem,
488 1920 666 1995 purasque
682 1923 702 1973 a
716 1916 838 1975 morte
855 1906 1054 1983 reducunt

104 1998 261 2074 Illustres
275 2001 430 2093 animas,
458 2002 608 2094 coesique
625 1999 668 2073 ad
683 2000 791 2075 limen
810 2002 947 2081 ituras.

104 2100 203 2173 Hinc
215 2098 285 2172 iter
301 2102 345 2171 ad
363 2119 502 2192 ramos,
530 2100 564 2172 u
582 2100 699 2172 dulcia
716 2120 826 2193 poma
842 2100 998 2181 salutis:

103 2199 192 2272 Inde
205 2200 274 2270 iter
293 2200 336 2270 ad
356 2200 482 2272 coelum
502 2218 567 2290 per
581 2220 701 2273 ramos
720 2201 859 2272 arboris
880 2207 982 2282 altae.

104 2298 190 2372 Hoc
210 2300 342 2391 lignum
360 2299 446 2370 vitae
460 2295 512 2371 est
530 2298 663 2373 cunstis
680 2300 944 2399 credentibus,
977 2305 1105 2382 Amen.

110 2450 1150 2515 w———===s

593 2573 676 2658 Vl.

106 2706 203 2814 ΑΙ)
223 2706 638 2816 SENATOREM
657 2710 746 2813 EX
759 2708 1151 2818 CHRISTnus

137 2846 459 2933 RELIGIONE
490 2848 570 2932 AD
605 2848 929 2939 IDOLORUM
969 2854 1138 2943 Snus-'1-

174 2960 397 3048 TUTEM
416 2960 809 3064 CONVERSUM‚
833 2964 1115 3057 CARMEN.

112 3117 143 3171 1.
248 3114 333 3167 uum
348 3110 385 3169 te
400 3096 545 3170 diversis
563 3098 712 3189 iterum,
738 3099 919 3190 vanisque
936 3106 1107 3179 viderem

275 3195 451 3269 Inservire
467 3194 592 3288 sacris,
619 3197 813 3289 priscoque
831 3219 965 3274 errore
987 3207 1115 3298 teneri,

110 3294 275 3389 Obstipui
289 3298 470 3386 monitus,
496 3297 578 3389 quia
593 3299 746 3369 carmina
762 3297 902 3390 semper
922 3306 1065 3398 amasti,

109 3393 275 3470 Carmine
286 3394 526 3490 respondens,
552 3400 745 3490 properavi
762 3395 919 3472 scribere
937 3407 1083 3500 versus,

106 3494 162 3567 Ut
176 3510 214 3569 te
234 3496 475 3591 corriperem,
501 3498 667 3570 tenebras
681 3517 896 3592 praeponere
914 3503 1006 3579 suci.

108 3595 200 3694 Quis
220 3596 373 3688 patiatur
389 3598 505 3689 enim,
530 3611 568 3669 te
580 3596 738 3670 Matrem
751 3598 903 3671 credere
915 3624 1089 3701 magnam

106 3693 211 3768 Posse
225 3696 338 3769 Deam
354 3696 444 3788 dici,
473 3694 661 3787 rursusque
677 3710 803 3790 putare
816 3699 1034 3801 colendam,

109 3790 219 3885 Cujus
236 3797 395 3868 cultores
409 3795 552 3869 infamia
569 3797 683 3891 turpis
698 3794 835 3869 inurit?

106 3891 273 3986 Namque
292 3894 491 3969 sacerdotes
511 3898 641 3969 tunicis
659 3898 894 3970 muliebribus
911 3900 1030 3982 iidem

107 3991 261 4067 Interius
275 3996 381 4068 ritum
398 3999 499 4067 cultu
513 3997 686 4069 interiore
699 3994 873 4090 fatentur,
1184 4056 1187 4061 .

107 4089 219 4183 quue
234 4096 343 4167 licere
355 4110 506 4190 putant,
521 4096 620 4188 quod
634 4116 710 4169 non
723 4098 832 4183 licet;
850 4099 952 4173 unde
972 4124 1043 4197 per
1058 4108 1156 4182 orbm

104 4190 258 4265 Leviter
271 4196 464 4288 incedunt,
490 4195 629 4269 mollita
645 4216 745 4269 voce
762 4198 977 4295 loquentes,

105 4289 356 4394 Lapsatosque
364 4306 499 4371 tenent
512 4292 665 4373 extenso
674 4296 815 4392 punice
823 4297 1002 4401 -lumbos,
1079 4399 1122 4477 Et
