2400 4590
277 601 353 657 »ι
400 579 920 658 Porurrrurra.
1050 585 1121 676 ⁶25

68 746 167 818 ribus
183 742 345 832 irretire,
371 754 434 815 aut
451 737 557 815 fidem
572 754 721 815 terrenae
735 741 920 837 potestatis
934 739 1125 817 formidine

70 846 262 933 evertere,
295 852 357 911 aut
373 840 469 914 avia
486 854 584 913 certa
602 839 776 934 perversis
796 841 1046 915 traditionibus
1066 843 1126 917 de·

68 958 258 1033 torquere:
293 959 369 1011 non
392 935 584 1032 scandalis,
609 961 687 1013 non
710 942 968 1015 tentationibus
990 936 1124 1018 deficit.

71 1042 160 1116 Hac
176 1041 283 1135 igitur
298 1058 439 1111 venena
459 1039 535 1130 ejus
551 1039 748 1131 providens
767 1038 888 1132 Deus,
912 1036 1026 1113 clausa
1039 1040 1126 1113 licet

69 1137 297 1237 ignoscentia
311 1136 441 1229 janua,
468 1137 734 1212 &intindbionis
748 1136 822 1213 sera
838 1138 1035 1227 obstructa,
1067 1136 1127 1213 ali·

71 1238 158 1332 quid
177 1237 291 1310 adhuc
307 1235 462 1328 permisrt
478 1252 612 1329 patere.
664 1237 873 1311 Collocavit
890 1238 926 1319 in
946 1236 1125 1312 vestibulo

69 1335 317 1432 poenitentiam
337 1333 548 1429 secundam,
574 1358 651 1429 quae
673 1334 890 1430 pulsantibus
913 1334 1125 1431 patefaciat:

69 1436 131 1510 sed
142 1438 215 1526 jam
231 1432 357 1526 semel,
383 1434 465 1526 quia
476 1436 548 1527 jam
563 1434 731 1511 secundo.
763 1435 850 1525 „bed
871 1436 1018 1528 amplius
1037 1457 1127 1509 nun·

71 1556 196 1627 quam:
223 1534 304 1625 quia
326 1534 489 1625 proxime
508 1532 646 1617 frustra.
703 1533 792 1608 Non
812 1537 905 1608 enim
931 1534 1057 1609 &hoc
1078 1533 1127 1608 se·

69 1635 142 1709 mel
160 1633 238 1707 satis
254 1630 328 1705 esti
353 1631 497 1725 Habes,
523 1633 621 1726 quod
631 1635 792 1728 jamnon
805 1633 1018 1724 merebaris,
1045 1634 1127 1707 ami·

69 1731 140 1808 srsti
162 1733 277 1824 enim,
304 1732 403 1823 quod
424 1752 622 1825 acceperas.
672 1733 709 1805 Si
734 1733 799 1806 tibi
819 1733 1039 1829 indulgentia
1063 1733 1126 1806 do·

69 1831 159 1906 mini
172 1830 444 1917 accommodat,
459 1831 555 1904 unde
567 1830 730 1907 restituas
745 1826 841 1924 qubd
858 1831 1035 1907 amiseras:
1062 1832 1128 1905 ite·

67 1943 153 2004 rato
175 1925 354 2004 beneficio
374 1941 493 2025 gratus
524 1928 632 2024 esto,
670 1931 802 2005 nedum
829 1930 1024 2025 ampliato:
1057 1952 1129 2003 ma·

64 2029 127 2125 jus
153 2028 203 2102 est
223 2030 317 2103 enim
340 2026 546 2123 restituere,
581 2051 684 2123 quam
707 2032 807 2105 dare:
840 2032 1009 2123 quoniam
1030 2028 1129 2107 mise·

68 2130 144 2201 rius
159 2128 209 2203 est
223 2124 427 2223 perdidisse,
454 2149 557 2220 quam
570 2133 718 2206 omnino
732 2151 807 2203 non
821 2127 1003 2223 accepisse.
1053 2130 1129 2203 Ve-

68 2248 150 2302 rum
166 2250 242 2302 non
258 2227 372 2301 statim
392 2224 622 2303 succidendus
637 2251 679 2302 ac
691 2228 908 2303 subruendus
925 2226 975 2302 est
992 2229 1128 2303 animus

69 2326 339 2423 desperatione,
366 2324 563 2399 srsecundae
577 2329 653 2419 quis
666 2329 883 2423 paenitentia:
897 2328 1040 2402 debitor
1055 2326 1130 2401 sue-

67 2428 136 2501 rit:
166 2428 287 2520 pigeat
305 2423 385 2498 sane
409 2448 559 2518 peccare
574 2425 716 2522 masau,
741 2427 800 2500 sed
819 2426 936 2500 rursus
954 2429 1130 2519 poenitere

67 2546 148 2603 non
172 2525 310 2618 pigeat:
342 2522 461 2615 pigeat
481 2528 608 2597 iterum
633 2527 853 2618 periclitari,
887 2525 944 2600 sed
968 2548 1043 2598 non
1064 2527 1130 2598 ite·

68 2645 151 2697 rum
166 2622 318 2694 liberari.
368 2618 560 2696 Neminem
572 2623 724 2716 pudeam
750 2626 886 2695 iteratae
899 2624 1130 2713 valetudinis,

66 2721 233 2797 iteranda
247 2719 421 2794 medicina
438 2720 503 2793 est:
518 2735 636 2811 gratus
650 2723 687 2795 in
704 2722 886 2794 dominum
902 2720 1132 2810 exstiteris,s1

70 2820 173 2913 quod
198 2819 262 2892 tibi
287 2818 450 2892 dominus
478 2816 617 2911 offert,
643 2841 721 2894 non
742 2820 980 2893 recusaveris:
1015 2817 1132 2893 offen·

70 2918 174 3014 disti,
200 2918 259 2993 sed
278 2918 504 2992 reconciliari
524 2918 639 2994 adhuc
654 2934 772 3016 potes.
823 2919 946 2994 Habes
964 2918 1022 2992 cui
1037 2916 1133 2992 satis·

69 3018 201 3113 facias,
228 3017 416 3109 &quidem
432 3021 629 3095 volentem.

102 3137 104 3140 ’
149 3129 182 3200 8.
209 3117 462 3208 ldsrdubitaa,
490 3119 626 3191 evolve
645 3139 721 3211 quae
741 3116 880 3211 spiritus
902 3114 1056 3190 ecclesiis
1083 3115 1133 3188 di·

73 3230 150 3291 cat:
170 3215 356 3290 Desertam
372 3216 599 3291 dilectionem
612 3216 770 3310 Ephesis
785 3218 957 3308 imputat,
975 3212 1134 3309 stuprum

71 3316 110 3389 δι
131 3316 422 3408 idolothytorum
443 3314 539 3390 esum
551 3314 782 3409 Thyatirenis
805 3316 1021 3408 exprobrat,
1055 3312 1134 3384 Sar·

72 3415 144 3488 dos
164 3434 239 3486 non
257 3416 444 3507 plenorum
461 3436 613 3508 operum
626 3416 786 3507 incusat,
812 3414 1051 3509 Pergamenos
1069 3411 1134 3484 do-

71 3525 199 3588 centes
215 3512 382 3606 perversa
397 3515 648 3611 reprehendit:
674 3513 904 3589 Laodicenos
920 3509 1072 3585 fidentes
1086 3507 1135 3584 di·

73 3613 173 3687 vitiis
189 3614 371 3707 objurgat:
396 3612 561 3687 &tamen
576 3635 702 3687 omnes
718 3614 762 3688 ad
775 3614 1019 3708 paenitentiam
1036 3630 1135 3685 com·

71 3726 233 3806 monet,
265 3711 325 3786 sub
352 3714 689 3787 comminationibus
715 3712 867 3805 quidem.
925 3708 1015 3783 Non
1038 3729 1137 3781 com·

71 3811 268 3885 minaretur
290 3826 408 3886 autern
434 3834 510 3887 non
531 3812 747 3906 poenitenti,
782 3812 806 3886 sr
831 3831 908 3883 non
934 3805 1136 3903 ignosceret

72 3912 274 4003 poenitenti.
330 3910 513 4006 Dubium,
540 3911 658 3987 srnon
677 3911 809 3988 &alibi
829 3910 921 3984 hanc
938 3907 1136 3981 clementia

74 4004 145 4081 sue
161 4009 406 4105 profusionem
425 4008 703 4088 demonstrasset
753 4010 844 4084 Non
859 4009 929 4103 ait,
953 4014 1009 4105 qui
1023 4008 1136 4076 cecide·

71 4112 141 4193 rit,
175 4110 329 4203 resurget,
361 4111 397 4184 bt
416 4118 471 4209 qui
491 4116 657 4197 aversatur
673 4099 1035 4203 sueratlmnuartetur?
1070 4102 1136 4201 Ille

73 4204 128 4281 est
147 4204 308 4303 seilicet,
339 4208 400 4287 ille
422 4210 475 4285 est
492 4211 553 4305 qui
569 4212 810 4303 misericordiam
830 4208 958 4283 mavult
976 4228 1070 4307 quam
1081 4206 1138 4294 sa·
1174 4258 1178 4267 ·

129 4301 267 4383 antur.
290 4304 380 4393 atu.
400 4310 447 4384 ss.
671 4304 735 4389 Rr
1004 4304 1093 4390 «tlt-
