2400 4590
40 580 47 599 .
101 541 176 639 ²9⁶
260 537 310 638 Q.
333 532 473 617 Sana.
501 530 648 609 non.
673 526 1005 607 Tamum

99 698 333 797 stinguimm,
356 694 499 769 interim
516 691 553 767 se
566 712 712 785 quoque
724 682 814 767 nihil
826 686 932 789 egiss'e
949 693 1018 767 hac
1033 686 1096 765 sua
1108 688 1158 765 iu·

96 798 271 897 jeffione.
318 793 421 869 Ecce
439 794 554 886 enim,
580 794 615 865 ἀ
635 792 660 865 s1
682 814 757 865 non
781 808 909 885 autor,
934 790 995 864 sed
1015 786 1161 867 areata-

100 912 166 973 tor
179 898 262 972 mali
279 895 466 969 invenitur
478 892 599 983 Deua,
624 893 683 983 qui
700 894 830 965 malum
844 892 1025 984 materie,
1051 906 1159 967 tanto

48 976 52 987 ¹
101 996 264 1073 fiastinuit
279 994 327 1067 de
338 996 463 1084 bono,
490 1006 573 1065 ante
587 991 707 1065 mundi
723 990 1038 1081 constitutionem,
1056 1012 1163 1083 quam

99 1094 404 1171 utbonus&maai
414 1094 557 1165 emulus
568 1088 764 1163 emendare
777 1090 959 1165 debuerat.
977 1088 1056 1163 Aut
1066 1092 1162 1167 enim

99 1197 227 1291 potuit
241 1194 451 1285 emendare,
469 1189 528 1263 sed
542 1190 677 1263 noluit:
702 1204 763 1263 aut
778 1192 899 1269 voluit
915 1188 1080 1283 quidem,
1097 1212 1162 1265 ve·

99 1316 183 1369 rum
201 1314 279 1365 non
291 1296 433 1386 potuit,
458 1288 616 1363 infirmus
631 1287 744 1364 Deus.
793 1290 830 1363 Si
841 1292 964 1383 potuit
979 1289 1013 1362 ἁ
1026 1290 1163 1389 noluit,

99 1394 218 1471 malus
235 1391 372 1483 aci-pse,
384 1392 465 1482 quia
476 1390 574 1463 malo
590 1388 699 1469 favit:
724 1389 758 1462 δι
773 1388 824 1463 fic
836 1390 908 1481 jam
918 1390 1070 1463 habetur
1084 1390 1165 1483 ejus

91 1492 207 1587 -quod
222 1492 310 1564 licet
323 1512 399 1563 non
412 1489 623 1581 instituerit,
651 1488 709 1579 qui
724 1502 844 1563 tamen
857 1489 882 1563 sa
895 1486 1064 1562 noluiss'et
1074 1488 1165 1564 illud

102 1590 199 1687 effe,
222 1612 298 1664 non
318 1588 425 1679 effet,
450 1588 526 1682 ipse
535 1590 609 1681 jam
622 1586 711 1661 fecit
725 1586 814 1679 effe,
841 1588 940 1682 quod
954 1589 1075 1661 noluit
1084 1610 1166 1663 non

102 1689 189 1766 effe.
239 1693 327 1789 Quo
345 1690 429 1782 quid
452 1686 503 1762 est
518 1686 683 1781 turpius?
706 1687 731 1763 fi
754 1688 790 1761 id
807 1690 928 1761 voluit
948 1686 1038 1780 esse,
1063 1684 1167 1781 quod

102 1788 183 1883 ipse
201 1790 323 1862 noluit
338 1788 488 1880 feciffe‚
514 1786 698 1860 adversum
716 1786 936 1883 semetipsum
959 1789 1056 1884 egit,
1080 1808 1166 1863 cum

103 1889 143 1964 ἀ
163 1890 284 1960 voluit
307 1886 378 1961 effe
398 1887 497 1977 quod
519 1888 640 1960 no}uit
661 1886 809 1975 feciffe3
846 1888 1018 1961 &noluit
1043 1886 1170 1963 feciss'e

104 1988 208 2081 quod
229 1990 347 2059 voluit
363 1986 443 2061 css'e,
492 1986 601 2088 Quasa
615 1989 751 2061 bonum
768 1989 888 2061 voluit
903 1986 993 2081 effe,
1019 1986 1167 2083 &quaa

102 2088 239 2163 malum
251 2088 369 2159 noluit
386 2082 513 2158 feciffe.
568 2085 700 2183 Quod,
726 2107 802 2159 non
822 2086 1009 2178 sedendo,
1034 2088 1169 2163 mulum

101 2187 308 2279 judicavit,
341 2186 377 2257 id
400 2183 602 2257 sustinendo
623 2188 758 2259 bonum
782 2188 1064 2279 praenunciavit:
1093 2209 1166 2261 ma·

104 2284 182 2357 lum
199 2306 266 2377 pro
282 2286 386 2356 bono
404 2282 628 2373 sustinendo,
655 2283 778 2358 &non
794 2288 916 2381 potius
935 2286 1168 2383 eradicando,

104 2381 260 2456 affertos
285 2384 360 2476 ejus
387 2384 560 2456 inventus
576 2382 649 2475 est,
682 2386 773 2458 male
795 2388 904 2479 fiper
924 2388 1169 2479 voluntatem,

101 2484 263 2575 turpiter
286 2485 311 2558 fi
338 2502 404 2577 per
430 2480 680 2559 neceffitatem.
726 2482 803 2559 Aut
827 2486 978 2560 famulus
998 2487 1066 2559 erit
1085 2488 1169 2561 mali

104 2578 212 2657 Deus
240 2598 302 2654 aut
326 2584 485 2676 amicus,
511 2604 593 2657 cum
617 2585 774 2658 materiae
795 2587 892 2661 malo
917 2582 1168 2682 conversatus,

104 2682 240 2757 nedum
255 2682 361 2755 etiam
376 2683 422 2755 de
435 2684 532 2757 malo
545 2684 621 2777 ejus
636 2699 817 2778 operatus.

185 2802 241 2855 11.
276 2780 326 2854 Et
353 2796 473 2856 tamen
500 2783 596 2857 unde
621 2783 728 2857 nobis
755 2782 1169 2885 perfiladetflermoge·

103 2898 174 2955 nea
188 2880 314 2954 malam
330 2878 398 2954 ess'e
411 2884 604 2957 materiam.
643 2882 683 2955 N
685 2906 734 2956 on
748 2887 840 2958 enim
852 2887 990 2980 poterit
1004 2907 1080 2960 non
1097 2910 1169 2962 ma·

105 2978 183 3052 lum
205 2977 345 3072 dicere,
372 2982 430 3052 cui
448 2984 577 3054 malum
600 2979 784 3058 adscribit:
808 3006 890 3059 nam
909 2983 1096 3060 definimus
1119 2988 1170 3061 di·

103 3076 345 3151 minutionem
363 3078 397 3149 &
412 3076 664 3172 subjectionem
679 3103 807 3174 capere
822 3104 898 3158 non
911 3082 1022 3179 poffe.
1055 3085 1169 3188 Quod

104 3172 197 3250 fiita
214 3176 282 3247 erit
296 3189 487 3271 aeternum,
511 3192 554 3250 ut
575 3178 631 3250 alii
651 3193 836 3256 coaeterno
853 3182 1000 3258 inferius
1021 3186 1170 3281 depute-

103 3285 189 3368 tur,
215 3274 265 3347 ita
288 3276 322 3348 ἀ
342 3296 440 3348 nune
461 3296 529 3349 nec
550 3277 680 3352 malum
703 3281 850 3358 dicimus
872 3299 1080 3378 competere
1098 3287 1166 3360 illi:

105 3375 191 3466 quia
215 3394 286 3447 nec
316 3371 438 3467 subjici
465 3393 510 3449 ex
535 3377 609 3450 hoc
634 3380 766 3477 poffit,
803 3385 902 3476 quod
925 3387 1025 3457 nullo
1052 3384 1166 3460 modo

104 3472 229 3567 potest
241 3472 385 3567 subjici,
406 3476 486 3566 quia
503 3490 674 3554 eternum
690 3480 749 3554 est„
801 3480 963 3557 Sedcum
981 3483 1062 3558 alias
1081 3482 1167 3561 sum·

104 3592 204 3647 mum
218 3574 354 3647 bonum
371 3574 511 3649 constet
525 3574 614 3669 ess'e,
634 3581 731 3671 quod
748 3582 789 3656 fit
804 3600 975 3657 aternum
991 3596 1033 3657 ut
1048 3584 1165 3679 Deua,

102 3690 174 3765 per
199 3673 296 3767 quod
323 3670 417 3747 solus
443 3674 494 3747 est
516 3676 641 3771 Deus,
677 3679 759 3755 dum
780 3697 934 3755 aeternus
957 3680 1030 3776 est,
1067 3683 1166 3758 &ita

109 3770 252 3867 bonus,
280 3770 361 3847 dum
380 3774 499 3847 Deua:
532 3779 718 3869 quomodo
732 3780 887 3855 materiae
901 3780 1008 3856 inerit
1022 3786 1167 3875 malum,

109 3890 215 3960 quam
231 3887 274 3945 ut
295 3888 461 3949 aternam
480 3872 648 3950 summum
665 3878 801 3952 bonum
817 3879 914 3954 credi
933 3881 1072 3956 necesse
1091 3882 1166 3959 est?

107 3967 186 4041 Aut
200 3968 247 4064 fi,
274 3972 372 4065 quod
387 3990 557 4047 eternum
572 3971 642 4069 est,
664 3978 800 4070 poterit
814 3979 942 4053 &mali
957 4002 1069 4073 capax
1086 3982 1168 4077 effe,

106 4066 247 4161 poterit
270 4070 343 4145 hoe
369 4070 403 4146 ἀ
426 4076 461 4147 in
475 4070 596 4149 Deum
617 4074 733 4170 credi,
760 4077 882 4152 &fine
897 4078 1011 4153 caussa
1026 4082 1168 4176 gestivit

106 4167 241 4249 malum
256 4166 372 4247 aDeo
391 4170 641 4269 transferrem
659 4177 835 4274 competit
850 4180 885 4254 δι
900 4191 1053 4275 eterno,
1073 4204 1170 4261 com-

992 4296 1120 4376 peten-
