2400 4590
189 493 251 547 or
280 470 714 545 Rusuuneerrour
734 468 970 573 ‘curura'
1015 483 1088 554 545

119 633 303 707 eutatione
318 629 548 721 subvertant,
573 640 616 700 ut
633 626 748 699 velint
764 644 907 699 carnem
921 624 969 699 src
981 624 1018 698 in
1033 622 1090 698 os·

63 734 122 803 cio
143 731 266 803 animae
289 730 500 820 collocare,
530 747 608 800 non
632 722 955 827 quan-ministram,
986 712 1090 798 ne'dt

33 830 165 904 sociam
180 846 355 924 cogantur
369 825 599 925 cognoscere.
650 825 785 897 Dicent
802 824 894 897 enim
910 823 1087 899 ministros

32 930 70 1002 ἀ
85 928 202 1003 socios
217 930 347 1002 hahere
361 928 545 1002 arbitrium
563 923 776 1000 ministrandi
795 939 903 1015 atque
918 922 1089 1017 sociandi,

32 1030 69 1101 dt
92 1028 304 1121 potestatem
324 1024 391 1099 suec
413 1027 613 1101 voluntatis
629 1027 666 1097 in
687 1038 898 1116 utrumque,
925 1023 1089 1096 homines

30 1125 167 1205 seilicet
185 1125 345 1219 &ipsost
371 1127 507 1199 ideirco
525 1146 607 1199 eum
628 1123 829 1197 authoribus
849 1122 976 1196 merita
991 1142 1090 1195 com·

30 1229 241 1319 muniente,
275 1227 400 1318 quibus
430 1246 578 1320 operam
610 1222 738 1318 sponte
769 1220 1101 1297 accommodarint..

31 1324 184 1397 Carnem
201 1343 320 1399 autem
336 1326 423 1399 nihil
444 1324 662 1419 sapientem,
691 1324 779 1396 nihil
798 1320 1005 1393 sentientem
1024 1340 1089 1413 per

28 1422 269 1517 semetipsam,
294 1443 371 1499 non
385 1426 500 1517 velle,
527 1445 604 1497 non
622 1424 721 1495 nolle
737 1422 782 1495 de
802 1419 864 1493 suo
880 1422 1089 1513 habentem,

28 1524 116 1595 vice
132 1527 253 1617 potius
269 1522 400 1597 vasculi
413 1544 582 1618 apparere
598 1524 734 1611 animae,
747 1538 788 1591 ut
803 1518 1091 1613 instrumentum,

27 1644 109 1695 non
132 1637 174 1695 ut
195 1622 432 1697 ministerium.
494 1622 627 1713 ltaque·
641 1621 764 1693 animae
785 1617 893 1691 solius
915 1619 1093 1711 judicium

27 1720 239 1815 praesrdcre,
265 1723 414 1813 qualiter
436 1718 495 1795 usa
514 1720 556 1793 srt
580 1718 726 1792 vasculo
747 1719 880 1791 carnis:
905 1716 1091 1793 vasculum
1179 1738 1191 1773 -·

30 1839 127 1893 vero
152 1820 263 1913 ipsum
284 1841 362 1894 non
381 1818 449 1894 else
466 1816 647 1893 sententia
664 1818 884 1892 obnoxium:
921 1819 1001 1909 quia
1018 1836 1090 1891 nee

27 1920 179 1993 calicem
196 1921 373 2014 damnari,
388 1918 491 2013 fiquis
507 1940 592 1994 eum
610 1940 754 1992 veneno
768 1919 993 2011 temperarit:
1019 1938 1090 1990 nee

23 2019 185 2115 gladium
199 2020 241 2095 ad
257 2020 383 2096 bestias
394 2019 650 2115 pronunciari,
675 2018 780 2111 siquis
794 2038 842 2090 eo
859 2018 1090 2091 latrocinium

26 2118 141 2193 suerit
168 2120 349 2215 operatus.
409 2118 488 2215 Jam
513 2140 600 2216 ergo
625 2118 801 2191 innocens
830 2134 944 2209 earo,
981 2137 1025 2189 ex
1046 2136 1090 2189 ea

23 2233 158 2315 parte,
195 2241 262 2310 qna
284 2240 360 2293 non
388 2220 650 2311 reputabuntur
677 2219 725 2291 illi
752 2237 871 2310 operae
892 2218 1015 2290 malae:
1054 2215 1090 2287 dc

23 2318 115 2391 nihil
135 2320 326 2410 prohibet,
353 2319 571 2391 innocentia
590 2320 736 2391 nomine
753 2316 884 2389 salvam
902 2339 979 2390 eam
1000 2313 1089 2391 fieri.

23 2416 135 2491 Licet
151 2421 243 2489 enirn
264 2437 332 2489 nec
350 2417 449 2489 bona
467 2439 578 2509 opera
591 2430 803 2509 reputentur
819 2416 889 2507 illi,
914 2415 1003 2488 ficut
1020 2436 1089 2487 nec

22 2517 138 2592 mala:
167 2517 295 2588 divinae
309 2533 429 2588 tamen
442 2515 654 2611 benignitati
672 2516 780 2609 magis
798 2516 974 2606 competit
987 2517 1090 2585 inno·

26 2630 153 2689 centes
171 2617 345 2688 liberare:
378 2611 563 2688 beneficus
586 2615 679 2685 enim
691 2596 759 2685 Qst
786 2628 892 2701 atquc
918 2615 1089 2703 optimus.

25 2714 151 2789 Debet
168 2729 285 2788 autem
304 2716 409 2787 etiam
426 2713 525 2805 quod
540 2734 618 2785 non
634 2712 825 2785 deberetur
843 2710 989 2787 offerre.
1040 2709 1091 2781 Et

27 2830 149 2887 tamen
168 2815 316 2888 calicem
333 2834 410 2887 non
433 2813 515 2885 dico
538 2814 792 2893 venenarium,
817 2813 854 2882 in
873 2831 977 2901 quem
991 2830 1089 2881 mors

27 2914 147 3004 aliqua
163 2913 330 3007 ructarit,
357 2908 415 2985 sed
437 2909 603 3003 fictricis,
629 2913 689 2984 vel
712 2910 915 3007 archigalli,
941 2910 1001 2981 vel
1020 2912 1091 3003 gla-

29 3013 204 3104 diatoris,
238 3030 300 3087 aut
322 3008 497 3085 carnificis
524 3009 647 3106 spiritu
671 3010 863 3085 infestum:
899 3031 1020 3115 quaero
1045 3032 1091 3083 an

25 3115 145 3187 minus
162 3114 324 3206 damneS,
352 3133 456 3205 quam
470 3110 590 3184 oscula
602 3108 775 3207 ipsorum:
799 3110 928 3185 nostris
944 3131 1090 3201 quoque

29 3209 193 3285 sordibus
213 3214 395 3306 nubilum,
423 3213 482 3283 vel
503 3232 581 3283 non
602 3231 670 3307 pro
693 3211 813 3285 animo
838 3222 1089 3302 temperatum,

29 3308 166 3384 elidere
187 3309 360 3386 solemus:
395 3332 468 3403 quo
489 3312 597 3405 magis
617 3332 732 3407 puero
755 3308 951 3384 irascamur.
1001 3300 1091 3382 Gla·

28 3410 129 3483 dium
144 3429 235 3482 vero
249 3411 444 3485 latrociniis
463 3411 601 3484 ebrium
615 3412 691 3503 quis
716 3432 792 3482 non
818 3434 836 3482 a
859 3411 970 3482 domo
993 3420 1089 3502 tota,

25 3509 163 3585 nedum
183 3530 202 3582 a
224 3511 417 3604 eubiculo,
444 3510 576 3583 nedum
599 3532 618 3582 a
638 3510 763 3602 eapitis
785 3508 833 3581 sui
856 3507 977 3581 officio
998 3510 1090 3579 rele-

27 3609 147 3705 gabit:
172 3606 382 3700 praesumens
409 3608 568 3701 scilicet,
594 3610 679 3681 nihil
701 3608 795 3680 aliud
816 3606 849 3679 se
871 3629 975 3698 quam
1000 3608 1091 3678 inlu·

30 3708 89 3779 dia
105 3708 296 3782 animarum
315 3708 589 3796 somniaturum,
615 3709 817 3803 urgentium
840 3707 872 3775 dt
891 3707 1090 3797 inquietan-

28 3807 122 3879 tium
147 3804 323 3903 sanguinis
351 3807 401 3882 sui
430 3808 682 3881 concubinum.
735 3805 787 3876 At
815 3805 908 3877 enim
935 3805 969 3877 u
997 3808 1089 3878 calix

25 3910 123 3979 bene
137 3905 197 3979 srbi
213 3906 395 4002 conscius,
420 3906 509 3979 &de
524 3904 704 3999 diligentia
716 3904 894 3979 ministerii
910 3927 1090 3979 commen-

26 4007 154 4096 datus,
181 4007 329 4079 coronis
350 4028 495 4099 quoque
516 4008 696 4099 potatoris
716 4001 765 4079 sui
780 4005 1000 4091 inorabitur,
1028 4021 1091 4077 aut

28 4102 213 4201 aspergihe
234 4106 365 4181 florum
386 4108 637 4181 honorabitur.
695 4104 748 4181 Et
769 4102 904 4205 gladius
925 4105 1020 4177 hene
1046 4105 1091 4179 de

83 4198 221 4279 mrem
242 4205 331 4281 Tem.
348 4208 394 4284 ll.
618 4206 709 4285 Mna
940 4205 1041 4279 bello
