2468 4530
447 493 507 597 ua
582 480 698 593 Ι(Φ)
773 492 832 593 ὦ
1127 516 1173 589 95

63 602 67 776 I
119 668 1167 751 «lenz-..22³5

232 854 282 951 Q.
324 846 636 975 sumnum
672 840 1058 920 uuoussuns

368 1012 923 1125 TERTULLIANI

112 1390 650 1529 VIRGINIBUS
704 1392 1170 1529 VELANDIS

535 1637 744 1699 LIBER.

624 1838 657 1893 1.

110 1966 332 2147 Proprium
345 1965 417 2061 jam
432 1966 618 2064 negotium
637 1964 752 2061 passus
771 1988 860 2041 meae
877 1966 1087 2061 opioionis,
1121 1972 1170 2041 la-

193 2070 270 2140 tine
297 2086 441 2160 quoque
465 2068 678 2163 ostendam,
717 2067 871 2163 vIrgines
895 2068 1031 2139 nossras
1057 2070 1170 2142 velari

111 2182 306 2265 oportere,
336 2188 379 2239 ox
396 2188 469 2259 quo
491 2168 670 2239 tranfituru
687 2168 800 2239 aetatis
820 2164 885 2238 suae
899 2168 1069 2241 feceriut:
1096 2172 1168 2241 hoc

104 2272 255 2365 exigere
269 2270 482 2361 ueritatem,
498 2269 553 2340 cui
573 2290 681 2342 nemo
698 2266 924 2360 pruscribcre
937 2268 1074 2361 potest,
1092 2292 1169 2343 uon

109 2364 259 2461 spatium
273 2382 496 2459 temporum,
514 2388 589 2439 non
606 2368 807 2462 patrocinia
821 2368 1071 2461 personarum,
1091 2392 1169 2442 non

109 2466 336 2561 privilegium
351 2470 549 2564 regionum.
602 2466 658 2538 Ex
672 2468 724 2538 his
743 2468 837 2539 enim
852 2468 928 2539 fere
943 2468 1168 2540 consuetudo

108 2567 249 2639 initium
275 2566 318 2637 ab
343 2567 458 2659 aliqua
479 2566 682 2663 ignorantia
702 2567 762 2637 uel
781 2566 1001 2659 fimplicitate
1029 2567 1169 2659 sortita,

108 2664 145 2737 in
159 2660 261 2738 usum
279 2685 343 2759 pen·
359 2662 606 2736 succeffionem
621 2668 905 2755 corroboratur,
930 2664 1027 2734 &ita
1045 2666 1171 2737 adver·

64 2768 67 2775 '
109 2762 162 2837 sus
180 2766 371 2837 veritatem
395 2763 608 2836 viudicatur.
658 2762 728 2833 Sed
746 2762 909 2833 dominus
931 2762 1052 2835 noster
1072 2762 1169 2838 Chri·

63 2917 66 2966 ἶ
110 2862 179 2937 stus
203 2867 392 2937 veritatem
414 2860 472 2957 se,
498 2884 574 2935 nun
595 2860 911 2955 consuetudInem,
940 2867 1168 2959 cognomina-

110 2965 174 3038 vit.
213 2962 251 3035 Si
268 2964 403 3057 semper
416 2962 595 3055 Christus,
616 2964 648 3034 d·
665 2964 765 3055 prior
780 2964 965 3035 omnibus:
992 2986 1089 3056 uque
1105 2990 1167 3041 ue-

110 3066 191 3135 ritas
207 3061 465 3155 sempiterna&
482 3064 625 3154 antIqua
637 3084 705 3137 res.
760 3061 925 3135 Vidcdnt
938 3084 1022 3161 orgo
1039 3068 1165 3158 quibus

111 3183 249 3236 novum
273 3162 348 3253 est,
380 3164 478 3254 quod
497 3163 558 3234 fibi
578 3174 683 3233 uetus
705 3162 764 3236 est.
814 3162 984 3236 Hurestus
1001 3188 1075 3237 nou
1095 3182 1167 3237 turn

111 3264 256 3333 novitas
274 3284 375 3353 quam
391 3266 524 3333 ueritus
540 3262 706 3335 revincit.
759 3262 1021 3361 Quodcumque
1040 3264 1168 3333 adver·

111 3358 161 3433 sus
186 3362 377 3433 veritatem
399 3359 509 3455 sapit,
543 3363 615 3435 hoc
640 3364 707 3433 crit
728 3360 891 3455 humus,
928 3366 1034 3435 etiam
1061 3375 1166 3431 uetus

112 3456 346 3534 consuetudo,
411 3458 586 3535 Caeterum
612 3461 673 3532 suo
696 3462 789 3532 vitio
813 3464 888 3553 quis
910 3464 993 3553 quid
1015 3462 1165 3553 ignorat.

112 3560 222 3661 Quod
241 3574 358 3633 autem
374 3558 579 3657 ignoratur,
604 3558 671 3632 fuit
686 3576 757 3633 tam
772 3564 1043 3653 mquid-udum,
1065 3579 1167 3647 quam

65 3688 68 3694 ·
109 3661 376 3755 recipiendum,
403 3662 501 3752 quod
517 3660 727 3757 agnoscitur.
780 3658 916 3757 Regula
931 3660 1070 3749 quidem
1085 3654 1167 3733 fidei

108 3778 178 3833 una
199 3762 352 3833 omnmo
373 3760 444 3853 est,
477 3758 551 3832 sola
574 3761 790 3849 immobilis,
827 3760 860 3832 dc
883 3756 1165 3852 irreformabffis,

109 3861 278 3933 credendi
311 3857 444 3931 seducet
472 3862 510 3931 in
534 3862 677 3931 unicum
707 3862 825 3931 Duum
857 3860 1166 3949 omnipotentem,

107 3960 229 4032 mundi
254 3960 512 4044 conditorem,
550 3960 582 4031 d
606 3958 714 4032 filium
742 3961 819 4047 oius
842 3955 956 4049 Jcsum
977 3952 1166 4045 christ-am,

106 4076 233 4131 natum
258 4080 301 4129 cx
327 4059 465 4154 uirgine
484 4062 616 4152 Maria,
652 4052 860 4130 crucifiuum
881 4055 939 4129 sub
963 4056 1093 4129 Pontio
1117 4054 1168 4123 l’i·

107 4156 211 4253 lato,
241 4159 348 4231 tertia
364 4157 422 4231 die
434 4154 673 4235 resuscitatum
691 4178 712 4229 a
728 4158 904 4251 mortuis,
930 4172 1117 4244 receptum
1131 4152 1168 4221 ih

1008 4264 1118 4345 cous,
