<?xml version="1.0" encoding="UTF-8"?>
<!DOCTYPE html PUBLIC "-//W3C//DTD XHTML 1.0 Transitional//EN"
    "http://www.w3.org/TR/xhtml1/DTD/xhtml1-transitional.dtd">
<html xmlns="http://www.w3.org/1999/xhtml" xml:lang="en" lang="en">
 <head>
  <title>
</title>
<meta http-equiv="Content-Type" content="text/html;charset=utf-8" />
  <meta name='ocr-system' content='tesseract 3.04.00' />
  <meta name='ocr-capabilities' content='ocr_page ocr_carea ocr_par ocr_line ocrx_word'/>
</head>
<body>
  <div class='ocr_page' id='page_1' title='image "./operaomniasanct03librgoog_0079.png"; bbox 0 0 2400 4590; ppageno 0'>
   <div class='ocr_carea' id='block_1_1' title="bbox 118 582 1028 691">
    <p class='ocr_par' dir='ltr' id='par_1_1' title="bbox 118 582 1028 691">
     <span class='ocr_line' id='line_1_1' title="bbox 118 582 1028 691; baseline -0.004 -24"><span class='ocrx_word' id='word_1_1' title='bbox 118 584 180 684; x_wconf 79' lang='lat'>56&#39;</span> <span class='ocrx_word' id='word_1_2' title='bbox 259 592 309 691; x_wconf 88' lang='lat' dir='ltr'>Q.</span> <span class='ocrx_word' id='word_1_3' title='bbox 334 586 469 664; x_wconf 69' lang='lat' dir='ltr'>Scir.</span> <span class='ocrx_word' id='word_1_4' title='bbox 492 584 639 663; x_wconf 76' lang='lat' dir='ltr'>Fron.</span> <span class='ocrx_word' id='word_1_5' title='bbox 663 582 1028 663; x_wconf 73' lang='lat' dir='ltr'>Tana-varran</span> 
     </span>
    </p>
   </div>
   <div class='ocr_carea' id='block_1_2' title="bbox 20 744 1194 3927">
    <p class='ocr_par' dir='ltr' id='par_1_2' title="bbox 74 744 1177 1044">
     <span class='ocr_line' id='line_1_2' title="bbox 74 744 1174 847; baseline -0.006 -21"><span class='ocrx_word' id='word_1_6' title='bbox 74 812 77 817; x_wconf 94' lang='lat'>.</span> <span class='ocrx_word' id='word_1_7' title='bbox 171 772 228 847; x_wconf 90' lang='lat'>19.</span> <span class='ocrx_word' id='word_1_8' title='bbox 263 748 372 825; x_wconf 89' lang='lat' dir='ltr'>Diem</span> <span class='ocrx_word' id='word_1_9' title='bbox 393 746 567 843; x_wconf 90' lang='lat' dir='ltr'>baptismo</span> <span class='ocrx_word' id='word_1_10' title='bbox 593 748 832 823; x_wconf 83' lang='lat' dir='ltr'>solemniorem</span> <span class='ocrx_word' id='word_1_11' title='bbox 859 746 990 821; x_wconf 81' lang='lat' dir='ltr'>Pascha</span> <span class='ocrx_word' id='word_1_12' title='bbox 1011 744 1174 842; x_wconf 76' lang='lat' dir='ltr'>prestat,</span> 
     </span>
     <span class='ocr_line' id='line_1_3' title="bbox 120 848 1177 945; baseline -0.006 -18"><span class='ocrx_word' id='word_1_13' title='bbox 120 872 204 927; x_wconf 86' lang='lat' dir='ltr'>cum</span> <span class='ocrx_word' id='word_1_14' title='bbox 228 850 262 923; x_wconf 76' lang='grc' dir='ltr'>δι</span> <span class='ocrx_word' id='word_1_15' title='bbox 282 850 390 945; x_wconf 84' lang='lat' dir='ltr'>paffio</span> <span class='ocrx_word' id='word_1_16' title='bbox 411 848 561 922; x_wconf 90' lang='lat' dir='ltr'>Domini</span> <span class='ocrx_word' id='word_1_17' title='bbox 585 850 621 921; x_wconf 92' lang='lat' dir='ltr'>in</span> <span class='ocrx_word' id='word_1_18' title='bbox 647 870 716 941; x_wconf 91' lang='lat' dir='ltr'>qua</span> <span class='ocrx_word' id='word_1_19' title='bbox 741 848 951 943; x_wconf 86' lang='lat' dir='ltr'>tinguimur,</span> <span class='ocrx_word' id='word_1_20' title='bbox 985 848 1177 937; x_wconf 86' lang='lat' dir='ltr'>adimpleta</span> 
     </span>
     <span class='ocr_line' id='line_1_4' title="bbox 120 946 1174 1044; baseline -0.009 -19"><span class='ocrx_word' id='word_1_21' title='bbox 120 950 196 1043; x_wconf 85' lang='lat' dir='ltr'>est,</span> <span class='ocrx_word' id='word_1_22' title='bbox 231 970 300 1023; x_wconf 89' lang='lat' dir='ltr'>nec</span> <span class='ocrx_word' id='word_1_23' title='bbox 322 949 601 1044; x_wconf 84' lang='lat' dir='ltr'>incongruenter</span> <span class='ocrx_word' id='word_1_24' title='bbox 623 948 667 1021; x_wconf 90' lang='lat' dir='ltr'>ad</span> <span class='ocrx_word' id='word_1_25' title='bbox 691 946 838 1043; x_wconf 86' lang='lat' dir='ltr'>liguram</span> <span class='ocrx_word' id='word_1_26' title='bbox 866 948 1174 1040; x_wconf 82' lang='lat' dir='ltr'>interpretabitur,</span> 
     </span>
    </p>

    <p class='ocr_par' dir='ltr' id='par_1_3' title="bbox 20 1046 1194 2611">
     <span class='ocr_line' id='line_1_5' title="bbox 20 1046 1175 1143; baseline -0.004 -21"><span class='ocrx_word' id='word_1_27' title='bbox 20 1088 24 1095; x_wconf 94' lang='lat'>·</span> <span class='ocrx_word' id='word_1_28' title='bbox 120 1048 221 1143; x_wconf 90' lang='lat' dir='ltr'>quod</span> <span class='ocrx_word' id='word_1_29' title='bbox 252 1070 332 1121; x_wconf 90' lang='lat' dir='ltr'>cum</span> <span class='ocrx_word' id='word_1_30' title='bbox 360 1048 525 1125; x_wconf 89' lang='lat' dir='ltr'>ultimum</span> <span class='ocrx_word' id='word_1_31' title='bbox 550 1046 679 1121; x_wconf 83' lang='lat' dir='ltr'>Pascha</span> <span class='ocrx_word' id='word_1_32' title='bbox 704 1049 882 1121; x_wconf 80' lang='lat' dir='ltr'>Dominus</span> <span class='ocrx_word' id='word_1_33' title='bbox 908 1046 994 1121; x_wconf 88' lang='lat' dir='ltr'>ellet</span> <span class='ocrx_word' id='word_1_34' title='bbox 1017 1046 1175 1139; x_wconf 75' lang='lat' dir='ltr'>edituus,</span> 
     </span>
     <span class='ocr_line' id='line_1_6' title="bbox 119 1144 1178 1243; baseline -0.01 -18"><span class='ocrx_word' id='word_1_35' title='bbox 119 1148 223 1225; x_wconf 81' lang='lat' dir='ltr'>mins</span> <span class='ocrx_word' id='word_1_36' title='bbox 240 1144 416 1243; x_wconf 88' lang='lat' dir='ltr'>discipulis</span> <span class='ocrx_word' id='word_1_37' title='bbox 434 1148 478 1221; x_wconf 92' lang='lat' dir='ltr'>ad</span> <span class='ocrx_word' id='word_1_38' title='bbox 498 1148 784 1241; x_wconf 77' lang='lat' dir='ltr'>praeparandum,</span> <span class='ocrx_word' id='word_1_39' title='bbox 821 1153 1016 1219; x_wconf 73' lang='lat' dir='ltr'>lammens.</span> <span class='ocrx_word' id='word_1_40' title='bbox 1045 1147 1178 1239; x_wconf 89' lang='lat' dir='ltr'>inquit,</span> 
     </span>
     <span class='ocr_line' id='line_1_7' title="bbox 120 1246 1174 1345; baseline -0.004 -23"><span class='ocrx_word' id='word_1_41' title='bbox 120 1250 277 1322; x_wconf 75' lang='lat' dir='ltr'>bominem</span> <span class='ocrx_word' id='word_1_42' title='bbox 288 1274 401 1345; x_wconf 83' lang='lat' dir='ltr'>aquam</span> <span class='ocrx_word' id='word_1_43' title='bbox 414 1248 613 1345; x_wconf 71' lang='lat' dir='ltr'>boirdumem.</span> <span class='ocrx_word' id='word_1_44' title='bbox 670 1246 806 1320; x_wconf 81' lang='lat' dir='ltr'>Paschae</span> <span class='ocrx_word' id='word_1_45' title='bbox 821 1246 1039 1319; x_wconf 73' lang='lat' dir='ltr'>celebrandae</span> <span class='ocrx_word' id='word_1_46' title='bbox 1049 1248 1174 1318; x_wconf 86' lang='lat' dir='ltr'>locum</span> 
     </span>
     <span class='ocr_line' id='line_1_8' title="bbox 121 1342 1180 1443; baseline -0.002 -20"><span class='ocrx_word' id='word_1_47' title='bbox 121 1348 283 1443; x_wconf 79' lang='lat' dir='ltr'>designo</span> <span class='ocrx_word' id='word_1_48' title='bbox 300 1369 398 1440; x_wconf 71' lang='lat' dir='ltr'>aquae</span> <span class='ocrx_word' id='word_1_49' title='bbox 415 1346 579 1423; x_wconf 88' lang='lat' dir='ltr'>ostendit.</span> <span class='ocrx_word' id='word_1_50' title='bbox 628 1342 770 1419; x_wconf 80' lang='lat' dir='ltr'>Exinde</span> <span class='ocrx_word' id='word_1_51' title='bbox 784 1346 995 1419; x_wconf 86' lang='lat' dir='ltr'>Pentecoste</span> <span class='ocrx_word' id='word_1_52' title='bbox 1012 1344 1180 1421; x_wconf 84' lang='lat' dir='ltr'>ordinan-</span> 
     </span>
     <span class='ocr_line' id='line_1_9' title="bbox 120 1444 1178 1541; baseline -0.005 -21"><span class='ocrx_word' id='word_1_53' title='bbox 120 1448 175 1521; x_wconf 88' lang='lat' dir='ltr'>dis</span> <span class='ocrx_word' id='word_1_54' title='bbox 193 1448 344 1519; x_wconf 84' lang='lat' dir='ltr'>lavacris</span> <span class='ocrx_word' id='word_1_55' title='bbox 357 1446 549 1521; x_wconf 86' lang='lat' dir='ltr'>latilsrmum</span> <span class='ocrx_word' id='word_1_56' title='bbox 568 1446 715 1541; x_wconf 88' lang='lat' dir='ltr'>spatium</span> <span class='ocrx_word' id='word_1_57' title='bbox 729 1445 801 1537; x_wconf 85' lang='lat' dir='ltr'>est,</span> <span class='ocrx_word' id='word_1_58' title='bbox 822 1468 894 1537; x_wconf 87' lang='lat' dir='ltr'>quo</span> <span class='ocrx_word' id='word_1_59' title='bbox 912 1444 945 1517; x_wconf 84' lang='lat' dir='ltr'>da</span> <span class='ocrx_word' id='word_1_60' title='bbox 961 1444 1105 1517; x_wconf 88' lang='lat' dir='ltr'>Domini</span> <span class='ocrx_word' id='word_1_61' title='bbox 1121 1465 1178 1523; x_wconf 85' lang='lat' dir='ltr'>re-</span> 
     </span>
     <span class='ocr_line' id='line_1_10' title="bbox 118 1544 1179 1639; baseline -0.006 -18"><span class='ocrx_word' id='word_1_62' title='bbox 118 1544 290 1621; x_wconf 73' lang='lat' dir='ltr'>surredlio</span> <span class='ocrx_word' id='word_1_63' title='bbox 314 1547 408 1618; x_wconf 91' lang='lat' dir='ltr'>inter</span> <span class='ocrx_word' id='word_1_64' title='bbox 430 1544 619 1639; x_wconf 89' lang='lat' dir='ltr'>discipulos</span> <span class='ocrx_word' id='word_1_65' title='bbox 644 1546 869 1637; x_wconf 86' lang='lat' dir='ltr'>frequentata</span> <span class='ocrx_word' id='word_1_66' title='bbox 895 1544 972 1629; x_wconf 76' lang='lat' dir='ltr'>est,</span> <span class='ocrx_word' id='word_1_67' title='bbox 1007 1544 1041 1615; x_wconf 83' lang='lat' dir='ltr'>dr</span> <span class='ocrx_word' id='word_1_68' title='bbox 1065 1544 1179 1639; x_wconf 87' lang='lat' dir='ltr'>gratia</span> 
     </span>
     <span class='ocr_line' id='line_1_11' title="bbox 119 1642 1180 1740; baseline -0.006 -19"><span class='ocrx_word' id='word_1_69' title='bbox 119 1644 262 1740; x_wconf 85' lang='lat' dir='ltr'>spiritus</span> <span class='ocrx_word' id='word_1_70' title='bbox 277 1642 381 1718; x_wconf 70' lang='lat' dir='ltr'>sansli</span> <span class='ocrx_word' id='word_1_71' title='bbox 394 1644 576 1739; x_wconf 87' lang='lat' dir='ltr'>dedicata,</span> <span class='ocrx_word' id='word_1_72' title='bbox 602 1645 723 1739; x_wconf 85' lang='lat' dir='ltr'>&amp;spes</span> <span class='ocrx_word' id='word_1_73' title='bbox 740 1646 916 1717; x_wconf 90' lang='lat' dir='ltr'>adventus</span> <span class='ocrx_word' id='word_1_74' title='bbox 935 1644 1083 1715; x_wconf 87' lang='lat' dir='ltr'>Domini</span> <span class='ocrx_word' id='word_1_75' title='bbox 1099 1644 1180 1719; x_wconf 78' lang='lat' dir='ltr'>stab-</span> 
     </span>
     <span class='ocr_line' id='line_1_12' title="bbox 121 1742 1182 1839; baseline -0.002 -20"><span class='ocrx_word' id='word_1_76' title='bbox 121 1742 282 1839; x_wconf 88' lang='lat' dir='ltr'>ostensa,</span> <span class='ocrx_word' id='word_1_77' title='bbox 312 1744 410 1838; x_wconf 92' lang='lat' dir='ltr'>quod</span> <span class='ocrx_word' id='word_1_78' title='bbox 428 1762 517 1819; x_wconf 89' lang='lat' dir='ltr'>tune</span> <span class='ocrx_word' id='word_1_79' title='bbox 537 1748 575 1819; x_wconf 89' lang='lat' dir='ltr'>iu</span> <span class='ocrx_word' id='word_1_80' title='bbox 598 1746 707 1818; x_wconf 88' lang='lat' dir='ltr'>coelos</span> <span class='ocrx_word' id='word_1_81' title='bbox 733 1758 950 1839; x_wconf 89' lang='lat' dir='ltr'>recuperato</span> <span class='ocrx_word' id='word_1_82' title='bbox 970 1766 1042 1832; x_wconf 71' lang='lat' dir='ltr'>eo,</span> <span class='ocrx_word' id='word_1_83' title='bbox 1065 1742 1182 1837; x_wconf 87' lang='lat' dir='ltr'>angeli</span> 
     </span>
     <span class='ocr_line' id='line_1_13' title="bbox 122 1842 1182 1940; baseline -0.004 -19"><span class='ocrx_word' id='word_1_84' title='bbox 122 1845 169 1921; x_wconf 85' lang='lat' dir='ltr'>ad</span> <span class='ocrx_word' id='word_1_85' title='bbox 184 1842 384 1939; x_wconf 85' lang='lat' dir='ltr'>Apostolos</span> <span class='ocrx_word' id='word_1_86' title='bbox 400 1844 587 1940; x_wconf 83' lang='lat' dir='ltr'>dixerunt,</span> <span class='ocrx_word' id='word_1_87' title='bbox 612 1846 660 1919; x_wconf 85' lang='lat' dir='ltr'>src</span> <span class='ocrx_word' id='word_1_88' title='bbox 675 1859 866 1917; x_wconf 90' lang='lat' dir='ltr'>venturum</span> <span class='ocrx_word' id='word_1_89' title='bbox 882 1842 1182 1935; x_wconf 87' lang='lat' dir='ltr'>quemadmodum</span> 
     </span>
     <span class='ocr_line' id='line_1_14' title="bbox 121 1940 1184 2037; baseline -0.003 -19"><span class='ocrx_word' id='word_1_90' title='bbox 121 1944 159 2018; x_wconf 79' lang='lat' dir='ltr'>dt</span> <span class='ocrx_word' id='word_1_91' title='bbox 176 1944 214 2019; x_wconf 94' lang='lat' dir='ltr'>in</span> <span class='ocrx_word' id='word_1_92' title='bbox 237 1944 347 2017; x_wconf 87' lang='lat' dir='ltr'>coelos</span> <span class='ocrx_word' id='word_1_93' title='bbox 373 1941 606 2035; x_wconf 79' lang='lat' dir='ltr'>conscendit,</span> <span class='ocrx_word' id='word_1_94' title='bbox 636 1946 760 2037; x_wconf 89' lang='lat' dir='ltr'>utique</span> <span class='ocrx_word' id='word_1_95' title='bbox 778 1948 815 2017; x_wconf 93' lang='lat' dir='ltr'>in</span> <span class='ocrx_word' id='word_1_96' title='bbox 832 1941 1056 2016; x_wconf 86' lang='lat' dir='ltr'>Pentecoste.</span> <span class='ocrx_word' id='word_1_97' title='bbox 1108 1940 1184 2015; x_wconf 78' lang='lat' dir='ltr'>sed</span> 
     </span>
     <span class='ocr_line' id='line_1_15' title="bbox 121 2042 1182 2137; baseline -0.004 -20"><span class='ocrx_word' id='word_1_98' title='bbox 121 2043 217 2118; x_wconf 86' lang='lat' dir='ltr'>enim</span> <span class='ocrx_word' id='word_1_99' title='bbox 232 2042 429 2117; x_wconf 83' lang='lat' dir='ltr'>Hieremias</span> <span class='ocrx_word' id='word_1_100' title='bbox 451 2064 532 2116; x_wconf 87' lang='lat' dir='ltr'>cum</span> <span class='ocrx_word' id='word_1_101' title='bbox 547 2044 651 2115; x_wconf 89' lang='lat' dir='ltr'>dicit:</span> <span class='ocrx_word' id='word_1_102' title='bbox 684 2048 726 2115; x_wconf 81' lang='lat' dir='ltr'>Er</span> <span class='ocrx_word' id='word_1_103' title='bbox 747 2044 1058 2137; x_wconf 62' lang='lat' dir='ltr'>segregabimus</span> <span class='ocrx_word' id='word_1_104' title='bbox 1075 2062 1182 2113; x_wconf 76' lang='lat' dir='ltr'>extre-</span> 
     </span>
     <span class='ocr_line' id='line_1_16' title="bbox 120 2139 1184 2239; baseline 0 -24"><span class='ocrx_word' id='word_1_105' title='bbox 120 2150 296 2215; x_wconf 71' lang='lat' dir='ltr'>misteria</span> <span class='ocrx_word' id='word_1_106' title='bbox 317 2148 354 2213; x_wconf 76' lang='lat' dir='ltr'>ia</span> <span class='ocrx_word' id='word_1_107' title='bbox 376 2144 427 2212; x_wconf 84' lang='lat' dir='ltr'>die</span> <span class='ocrx_word' id='word_1_108' title='bbox 442 2142 540 2239; x_wconf 74' lang='lat' dir='ltr'>fesso,</span> <span class='ocrx_word' id='word_1_109' title='bbox 565 2140 679 2215; x_wconf 77' lang='lat' dir='ltr'>Pascae</span> <span class='ocrx_word' id='word_1_110' title='bbox 701 2144 792 2214; x_wconf 91' lang='lat' dir='ltr'>diem</span> <span class='ocrx_word' id='word_1_111' title='bbox 812 2139 982 2239; x_wconf 77' lang='lat' dir='ltr'>significat</span> <span class='ocrx_word' id='word_1_112' title='bbox 1001 2140 1035 2213; x_wconf 84' lang='lat' dir='ltr'>dr</span> <span class='ocrx_word' id='word_1_113' title='bbox 1051 2140 1184 2215; x_wconf 85' lang='lat' dir='ltr'>Pente-</span> 
     </span>
     <span class='ocr_line' id='line_1_17' title="bbox 121 2240 1194 2335; baseline 0.002 -20"><span class='ocrx_word' id='word_1_114' title='bbox 121 2240 262 2333; x_wconf 86' lang='lat' dir='ltr'>costes,</span> <span class='ocrx_word' id='word_1_115' title='bbox 290 2244 349 2335; x_wconf 90' lang='lat' dir='ltr'>qui</span> <span class='ocrx_word' id='word_1_116' title='bbox 366 2240 417 2315; x_wconf 90' lang='lat' dir='ltr'>est</span> <span class='ocrx_word' id='word_1_117' title='bbox 432 2244 580 2335; x_wconf 86' lang='lat' dir='ltr'>proprie</span> <span class='ocrx_word' id='word_1_118' title='bbox 603 2242 676 2315; x_wconf 87' lang='lat' dir='ltr'>dies</span> <span class='ocrx_word' id='word_1_119' title='bbox 698 2242 817 2317; x_wconf 83' lang='lat' dir='ltr'>sellus.</span> <span class='ocrx_word' id='word_1_120' title='bbox 871 2241 1039 2313; x_wconf 88' lang='lat' dir='ltr'>Ceterum</span> <span class='ocrx_word' id='word_1_121' title='bbox 1063 2242 1194 2317; x_wconf 70' lang='lat' dir='ltr'>omnin</span> 
     </span>
     <span class='ocr_line' id='line_1_18' title="bbox 121 2339 1188 2435; baseline 0 -20"><span class='ocrx_word' id='word_1_122' title='bbox 121 2340 198 2415; x_wconf 89' lang='lat' dir='ltr'>dies</span> <span class='ocrx_word' id='word_1_123' title='bbox 219 2340 365 2415; x_wconf 91' lang='lat' dir='ltr'>Domini</span> <span class='ocrx_word' id='word_1_124' title='bbox 389 2339 460 2435; x_wconf 87' lang='lat' dir='ltr'>est,</span> <span class='ocrx_word' id='word_1_125' title='bbox 495 2342 610 2415; x_wconf 88' lang='lat' dir='ltr'>omnis</span> <span class='ocrx_word' id='word_1_126' title='bbox 631 2344 740 2433; x_wconf 87' lang='lat' dir='ltr'>hora,</span> <span class='ocrx_word' id='word_1_127' title='bbox 774 2363 881 2415; x_wconf 91' lang='lat' dir='ltr'>omne</span> <span class='ocrx_word' id='word_1_128' title='bbox 901 2355 1042 2431; x_wconf 85' lang='lat' dir='ltr'>tempus</span> <span class='ocrx_word' id='word_1_129' title='bbox 1064 2340 1188 2415; x_wconf 82' lang='lat' dir='ltr'>habile</span> 
     </span>
     <span class='ocr_line' id='line_1_19' title="bbox 120 2437 1185 2611; baseline 0.002 -98"><span class='ocrx_word' id='word_1_130' title='bbox 120 2437 314 2611; x_wconf 55' lang='lat' dir='ltr'>baptismo:</span> <span class='ocrx_word' id='word_1_131' title='bbox 345 2440 370 2513; x_wconf 87' lang='lat' dir='ltr'>sr</span> <span class='ocrx_word' id='word_1_132' title='bbox 394 2439 440 2514; x_wconf 90' lang='lat' dir='ltr'>de</span> <span class='ocrx_word' id='word_1_133' title='bbox 460 2440 673 2516; x_wconf 87' lang='lat' dir='ltr'>solennitate</span> <span class='ocrx_word' id='word_1_134' title='bbox 691 2440 859 2537; x_wconf 86' lang='lat' dir='ltr'>interest,</span> <span class='ocrx_word' id='word_1_135' title='bbox 896 2440 940 2513; x_wconf 89' lang='lat' dir='ltr'>de</span> <span class='ocrx_word' id='word_1_136' title='bbox 958 2442 1068 2537; x_wconf 89' lang='lat' dir='ltr'>gratia</span> <span class='ocrx_word' id='word_1_137' title='bbox 1090 2440 1185 2515; x_wconf 88' lang='lat' dir='ltr'>nihil</span> 
     </span>
     <span class='ocr_line' id='line_1_20' title="bbox 121 2550 248 2611; baseline 0 0"><span class='ocrx_word' id='word_1_138' title='bbox 121 2558 164 2611; x_wconf 88' lang='lat' dir='ltr'>re</span> <span class='ocrx_word' id='word_1_139' title='bbox 181 2550 248 2611; x_wconf 89' lang='lat' dir='ltr'>ert.</span> 
     </span>
    </p>

    <p class='ocr_par' dir='ltr' id='par_1_4' title="bbox 118 2634 1183 3621">
     <span class='ocr_line' id='line_1_21' title="bbox 199 2634 1181 2735; baseline 0.002 -26"><span class='ocrx_word' id='word_1_140' title='bbox 199 2659 255 2711; x_wconf 85' lang='lat' dir='ltr'>eo.</span> <span class='ocrx_word' id='word_1_141' title='bbox 280 2634 498 2734; x_wconf 84' lang='lat' dir='ltr'>Ingressuros</span> <span class='ocrx_word' id='word_1_142' title='bbox 519 2639 751 2735; x_wconf 85' lang='lat' dir='ltr'>baptismum,</span> <span class='ocrx_word' id='word_1_143' title='bbox 785 2640 1008 2713; x_wconf 87' lang='lat' dir='ltr'>orationibus</span> <span class='ocrx_word' id='word_1_144' title='bbox 1028 2638 1181 2735; x_wconf 85' lang='lat' dir='ltr'>crebris,</span> 
     </span>
     <span class='ocr_line' id='line_1_22' title="bbox 118 2736 1180 2837; baseline 0.004 -30"><span class='ocrx_word' id='word_1_145' title='bbox 118 2736 264 2831; x_wconf 72' lang='lat' dir='ltr'>iejuniis</span> <span class='ocrx_word' id='word_1_146' title='bbox 280 2736 314 2808; x_wconf 85' lang='lat' dir='ltr'>dt</span> <span class='ocrx_word' id='word_1_147' title='bbox 331 2738 672 2834; x_wconf 79' lang='lat' dir='ltr'>geniculationibus,</span> <span class='ocrx_word' id='word_1_148' title='bbox 694 2740 934 2837; x_wconf 83' lang='lat' dir='ltr'>&amp;pervigiliis</span> <span class='ocrx_word' id='word_1_149' title='bbox 948 2757 1052 2812; x_wconf 92' lang='lat' dir='ltr'>orare</span> <span class='ocrx_word' id='word_1_150' title='bbox 1067 2758 1180 2833; x_wconf 90' lang='lat' dir='ltr'>opor·</span> 
     </span>
     <span class='ocr_line' id='line_1_23' title="bbox 122 2836 1178 2933; baseline 0 -26"><span class='ocrx_word' id='word_1_151' title='bbox 122 2849 199 2926; x_wconf 83' lang='lat' dir='ltr'>tet,</span> <span class='ocrx_word' id='word_1_152' title='bbox 236 2837 374 2910; x_wconf 84' lang='lat' dir='ltr'>&amp;cum</span> <span class='ocrx_word' id='word_1_153' title='bbox 400 2838 618 2913; x_wconf 80' lang='lat' dir='ltr'>consessione</span> <span class='ocrx_word' id='word_1_154' title='bbox 642 2841 800 2913; x_wconf 90' lang='lat' dir='ltr'>omnium</span> <span class='ocrx_word' id='word_1_155' title='bbox 825 2853 926 2911; x_wconf 86' lang='lat' dir='ltr'>retro</span> <span class='ocrx_word' id='word_1_156' title='bbox 952 2836 1178 2933; x_wconf 56' lang='lat' dir='ltr'>delusorum,</span> 
     </span>
     <span class='ocr_line' id='line_1_24' title="bbox 118 2930 1182 3033; baseline 0.004 -28"><span class='ocrx_word' id='word_1_157' title='bbox 118 2948 166 3029; x_wconf 85' lang='lat' dir='ltr'>¹ut</span> <span class='ocrx_word' id='word_1_158' title='bbox 182 2948 366 3025; x_wconf 85' lang='lat' dir='ltr'>exponant</span> <span class='ocrx_word' id='word_1_159' title='bbox 382 2939 486 3007; x_wconf 90' lang='lat' dir='ltr'>etiam</span> <span class='ocrx_word' id='word_1_160' title='bbox 501 2938 708 3029; x_wconf 88' lang='lat' dir='ltr'>baptismum</span> <span class='ocrx_word' id='word_1_161' title='bbox 723 2941 891 3033; x_wconf 89' lang='lat' dir='ltr'>Joannis,</span> <span class='ocrx_word' id='word_1_162' title='bbox 930 2930 1182 3031; x_wconf 63' lang='lat' dir='ltr'>‘langardensem</span> 
     </span>
     <span class='ocr_line' id='line_1_25' title="bbox 121 3031 1180 3133; baseline 0.007 -28"><span class='ocrx_word' id='word_1_163' title='bbox 121 3031 261 3125; x_wconf 84' lang='lat' dir='ltr'>inquit,</span> <span class='ocrx_word' id='word_1_164' title='bbox 277 3036 463 3125; x_wconf 76' lang='lat' dir='ltr'>confitentes</span> <span class='ocrx_word' id='word_1_165' title='bbox 475 3034 586 3105; x_wconf 65' lang='lat' dir='ltr'>desidia</span> <span class='ocrx_word' id='word_1_166' title='bbox 597 3038 661 3119; x_wconf 70' lang='lat' dir='ltr'>[aa.</span> <span class='ocrx_word' id='word_1_167' title='bbox 716 3038 835 3109; x_wconf 84' lang='lat' dir='ltr'>Nobis</span> <span class='ocrx_word' id='word_1_168' title='bbox 853 3038 1097 3133; x_wconf 81' lang='lat' dir='ltr'>gratulandum</span> <span class='ocrx_word' id='word_1_169' title='bbox 1114 3036 1180 3131; x_wconf 86' lang='lat' dir='ltr'>est,</span> 
     </span>
     <span class='ocr_line' id='line_1_26' title="bbox 122 3130 1180 3229; baseline 0.002 -22"><span class='ocrx_word' id='word_1_170' title='bbox 122 3130 239 3207; x_wconf 91' lang='lat' dir='ltr'>srnon</span> <span class='ocrx_word' id='word_1_171' title='bbox 252 3133 396 3225; x_wconf 90' lang='lat' dir='ltr'>publice</span> <span class='ocrx_word' id='word_1_172' title='bbox 414 3130 631 3207; x_wconf 80' lang='lat' dir='ltr'>confitemur</span> <span class='ocrx_word' id='word_1_173' title='bbox 644 3136 847 3227; x_wconf 81' lang='lat' dir='ltr'>iniquitates</span> <span class='ocrx_word' id='word_1_174' title='bbox 865 3152 924 3209; x_wconf 91' lang='lat' dir='ltr'>aut</span> <span class='ocrx_word' id='word_1_175' title='bbox 940 3139 1180 3229; x_wconf 81' lang='lat' dir='ltr'>turpitudines</span> 
     </span>
     <span class='ocr_line' id='line_1_27' title="bbox 122 3230 1180 3330; baseline 0.004 -25"><span class='ocrx_word' id='word_1_176' title='bbox 122 3230 272 3305; x_wconf 86' lang='lat' dir='ltr'>nostras.</span> <span class='ocrx_word' id='word_1_177' title='bbox 322 3230 431 3303; x_wconf 87' lang='lat' dir='ltr'>Simul</span> <span class='ocrx_word' id='word_1_178' title='bbox 451 3232 543 3305; x_wconf 90' lang='lat' dir='ltr'>enim</span> <span class='ocrx_word' id='word_1_179' title='bbox 563 3234 597 3306; x_wconf 69' lang='grc' dir='ltr'><strong>ἃ</strong></span> <span class='ocrx_word' id='word_1_180' title='bbox 618 3236 662 3309; x_wconf 88' lang='lat' dir='ltr'>de</span> <span class='ocrx_word' id='word_1_181' title='bbox 680 3234 830 3330; x_wconf 85' lang='lat' dir='ltr'>pristinis</span> <span class='ocrx_word' id='word_1_182' title='bbox 849 3235 1075 3308; x_wconf 81' lang='lat' dir='ltr'>satisfacimus</span> <span class='ocrx_word' id='word_1_183' title='bbox 1092 3258 1180 3309; x_wconf 92' lang='lat' dir='ltr'>con·</span> 
     </span>
     <span class='ocr_line' id='line_1_28' title="bbox 122 3330 1183 3427; baseline 0.003 -23"><span class='ocrx_word' id='word_1_184' title='bbox 122 3330 320 3404; x_wconf 73' lang='lat' dir='ltr'>flisiatione</span> <span class='ocrx_word' id='word_1_185' title='bbox 336 3331 450 3403; x_wconf 89' lang='lat' dir='ltr'>carnis</span> <span class='ocrx_word' id='word_1_186' title='bbox 467 3331 501 3402; x_wconf 81' lang='lat' dir='ltr'>dt</span> <span class='ocrx_word' id='word_1_187' title='bbox 519 3331 680 3427; x_wconf 85' lang='lat' dir='ltr'>spiritus,</span> <span class='ocrx_word' id='word_1_188' title='bbox 708 3334 989 3408; x_wconf 87' lang='lat' dir='ltr'>&amp;subsecuturis</span> <span class='ocrx_word' id='word_1_189' title='bbox 1009 3336 1183 3408; x_wconf 89' lang='lat' dir='ltr'>tentatio·</span> 
     </span>
     <span class='ocr_line' id='line_1_29' title="bbox 123 3428 1181 3528; baseline 0.004 -24"><span class='ocrx_word' id='word_1_190' title='bbox 123 3433 230 3504; x_wconf 84' lang='lat' dir='ltr'>nibus</span> <span class='ocrx_word' id='word_1_191' title='bbox 248 3428 465 3503; x_wconf 89' lang='lat' dir='ltr'>munimenta</span> <span class='ocrx_word' id='word_1_192' title='bbox 480 3432 726 3525; x_wconf 84' lang='lat' dir='ltr'>praestruimus.</span> <span class='ocrx_word' id='word_1_193' title='bbox 782 3440 917 3528; x_wconf 58' lang='lat' dir='ltr'>ligitare</span> <span class='ocrx_word' id='word_1_194' title='bbox 937 3436 975 3510; x_wconf 73' lang='lat' dir='ltr'>b</span> <span class='ocrx_word' id='word_1_195' title='bbox 993 3454 1099 3519; x_wconf 79' lang='lat' dir='ltr'>orate,</span> <span class='ocrx_word' id='word_1_196' title='bbox 1128 3434 1181 3509; x_wconf 91' lang='lat' dir='ltr'>in·</span> 
     </span>
     <span class='ocr_line' id='line_1_30' title="bbox 123 3532 1181 3621; baseline 0.009 -22"><span class='ocrx_word' id='word_1_197' title='bbox 123 3532 216 3621; x_wconf 78' lang='lat' dir='ltr'>qarit,</span> <span class='ocrx_word' id='word_1_198' title='bbox 231 3555 270 3599; x_wconf 86' lang='lat' dir='ltr'>ne</span> <span class='ocrx_word' id='word_1_199' title='bbox 289 3532 438 3598; x_wconf 81' lang='lat' dir='ltr'>incideris</span> <span class='ocrx_word' id='word_1_200' title='bbox 448 3534 484 3598; x_wconf 87' lang='lat' dir='ltr'>in</span> <span class='ocrx_word' id='word_1_201' title='bbox 503 3540 719 3606; x_wconf 80' lang='lat' dir='ltr'>tentationem.</span> <span class='ocrx_word' id='word_1_202' title='bbox 758 3532 807 3607; x_wconf 83' lang='lat' dir='ltr'>Et</span> <span class='ocrx_word' id='word_1_203' title='bbox 821 3534 904 3607; x_wconf 84' lang='lat' dir='ltr'>idco</span> <span class='ocrx_word' id='word_1_204' title='bbox 925 3535 1035 3607; x_wconf 84' lang='lat' dir='ltr'>credo</span> <span class='ocrx_word' id='word_1_205' title='bbox 1050 3532 1181 3609; x_wconf 88' lang='lat' dir='ltr'>tentati</span> 
     </span>
    </p>

    <p class='ocr_par' dir='ltr' id='par_1_5' title="bbox 24 3626 1185 3927">
     <span class='ocr_line' id='line_1_31' title="bbox 24 3626 1183 3728; baseline 0.006 -28"><span class='ocrx_word' id='word_1_206' title='bbox 24 3648 28 3657; x_wconf 91' lang='lat'>·</span> <span class='ocrx_word' id='word_1_207' title='bbox 123 3626 226 3721; x_wconf 86' lang='lat' dir='ltr'>sunt,</span> <span class='ocrx_word' id='word_1_208' title='bbox 260 3628 425 3719; x_wconf 86' lang='lat' dir='ltr'>quoniam</span> <span class='ocrx_word' id='word_1_209' title='bbox 446 3629 742 3728; x_wconf 88' lang='lat' dir='ltr'>obdormierunt,</span> <span class='ocrx_word' id='word_1_210' title='bbox 768 3652 809 3707; x_wconf 94' lang='lat' dir='ltr'>ut</span> <span class='ocrx_word' id='word_1_211' title='bbox 829 3634 1082 3728; x_wconf 83' lang='lat' dir='ltr'>adprehensum</span> <span class='ocrx_word' id='word_1_212' title='bbox 1102 3632 1183 3707; x_wconf 92' lang='lat' dir='ltr'>Do·</span> 
     </span>
     <span class='ocr_line' id='line_1_32' title="bbox 124 3722 1185 3829; baseline 0.004 -26"><span class='ocrx_word' id='word_1_213' title='bbox 124 3726 258 3803; x_wconf 85' lang='lat' dir='ltr'>minum</span> <span class='ocrx_word' id='word_1_214' title='bbox 273 3722 513 3818; x_wconf 83' lang='lat' dir='ltr'>destituerint,</span> <span class='ocrx_word' id='word_1_215' title='bbox 541 3729 575 3801; x_wconf 84' lang='lat' dir='ltr'>dc</span> <span class='ocrx_word' id='word_1_216' title='bbox 590 3734 647 3823; x_wconf 92' lang='lat' dir='ltr'>qui</span> <span class='ocrx_word' id='word_1_217' title='bbox 667 3755 746 3807; x_wconf 91' lang='lat' dir='ltr'>cum</span> <span class='ocrx_word' id='word_1_218' title='bbox 764 3758 810 3807; x_wconf 92' lang='lat' dir='ltr'>eo</span> <span class='ocrx_word' id='word_1_219' title='bbox 822 3736 1035 3829; x_wconf 88' lang='lat' dir='ltr'>perstiterit,</span> <span class='ocrx_word' id='word_1_220' title='bbox 1063 3734 1096 3807; x_wconf 70' lang='grc' dir='ltr'>ἃ</span> <span class='ocrx_word' id='word_1_221' title='bbox 1113 3736 1185 3829; x_wconf 85' lang='lat' dir='ltr'>gla-</span> 
     </span>
     <span class='ocr_line' id='line_1_33' title="bbox 125 3822 1184 3927; baseline 0.012 -33"><span class='ocrx_word' id='word_1_222' title='bbox 125 3822 186 3896; x_wconf 90' lang='lat' dir='ltr'>dio</span> <span class='ocrx_word' id='word_1_223' title='bbox 204 3824 247 3895; x_wconf 87' lang='lat' dir='ltr'>srt</span> <span class='ocrx_word' id='word_1_224' title='bbox 265 3824 366 3913; x_wconf 82' lang='lat' dir='ltr'>usus,</span> <span class='ocrx_word' id='word_1_225' title='bbox 382 3841 439 3898; x_wconf 93' lang='lat' dir='ltr'>ter</span> <span class='ocrx_word' id='word_1_226' title='bbox 458 3828 565 3901; x_wconf 90' lang='lat' dir='ltr'>etiam</span> <span class='ocrx_word' id='word_1_227' title='bbox 579 3835 786 3925; x_wconf 87' lang='lat' dir='ltr'>negaverit:</span> <span class='ocrx_word' id='word_1_228' title='bbox 812 3854 891 3906; x_wconf 91' lang='lat' dir='ltr'>nam</span> <span class='ocrx_word' id='word_1_229' title='bbox 908 3834 942 3906; x_wconf 66' lang='grc' dir='ltr'>ἃ</span> <span class='ocrx_word' id='word_1_230' title='bbox 959 3832 1184 3927; x_wconf 75' lang='lat' dir='ltr'>praecesserat</span> 
     </span>
    </p>
   </div>
   <div class='ocr_carea' id='block_1_3' title="bbox 125 3920 1184 4431">
    <p class='ocr_par' dir='ltr' id='par_1_6' title="bbox 125 3920 1184 4431">
     <span class='ocr_line' id='line_1_34' title="bbox 126 3920 1184 4027; baseline 0.009 -30"><span class='ocrx_word' id='word_1_231' title='bbox 126 3920 275 4009; x_wconf 64' lang='lat' dir='ltr'>clidium</span> <span class='ocrx_word' id='word_1_232' title='bbox 302 3928 471 3996; x_wconf 81' lang='lat' dir='ltr'>Neminem</span> <span class='ocrx_word' id='word_1_233' title='bbox 484 3934 680 4000; x_wconf 80' lang='lat' dir='ltr'>intematum</span> <span class='ocrx_word' id='word_1_234' title='bbox 696 3958 789 4026; x_wconf 82' lang='lat' dir='ltr'>regna</span> <span class='ocrx_word' id='word_1_235' title='bbox 804 3934 926 4027; x_wconf 68' lang='lat' dir='ltr'>ecclesiia</span> <span class='ocrx_word' id='word_1_236' title='bbox 939 3948 1184 4018; x_wconf 63' lang='lat' dir='ltr'>consecuturum.</span> 
     </span>
     <span class='ocr_line' id='line_1_35' title="bbox 125 4018 1183 4120; baseline 0.009 -23"><span class='ocrx_word' id='word_1_237' title='bbox 125 4018 242 4116; x_wconf 89' lang='lat' dir='ltr'>Ipsum</span> <span class='ocrx_word' id='word_1_238' title='bbox 268 4020 465 4099; x_wconf 87' lang='lat' dir='ltr'>Dominum</span> <span class='ocrx_word' id='word_1_239' title='bbox 493 4026 573 4120; x_wconf 90' lang='lat' dir='ltr'>post</span> <span class='ocrx_word' id='word_1_240' title='bbox 603 4030 784 4105; x_wconf 87' lang='lat' dir='ltr'>lavacrum</span> <span class='ocrx_word' id='word_1_241' title='bbox 814 4030 927 4105; x_wconf 88' lang='lat' dir='ltr'>statim</span> <span class='ocrx_word' id='word_1_242' title='bbox 960 4036 1183 4107; x_wconf 87' lang='lat' dir='ltr'>tentationes</span> 
     </span>
     <span class='ocr_line' id='line_1_36' title="bbox 127 4117 1182 4223; baseline 0.016 -30"><span class='ocrx_word' id='word_1_243' title='bbox 127 4117 434 4196; x_wconf 88' lang='lat' dir='ltr'>circumstetemnt</span> <span class='ocrx_word' id='word_1_244' title='bbox 457 4126 685 4223; x_wconf 87' lang='lat' dir='ltr'>quadraginta</span> <span class='ocrx_word' id='word_1_245' title='bbox 706 4130 827 4203; x_wconf 89' lang='lat' dir='ltr'>diebus</span> <span class='ocrx_word' id='word_1_246' title='bbox 844 4131 985 4223; x_wconf 87' lang='lat' dir='ltr'>jejuniis</span> <span class='ocrx_word' id='word_1_247' title='bbox 1010 4132 1182 4210; x_wconf 72' lang='lat' dir='ltr'>sonitum.</span> 
     </span>
     <span class='ocr_line' id='line_1_37' title="bbox 126 4216 1184 4331; baseline 0.01 -34"><span class='ocrx_word' id='word_1_248' title='bbox 126 4216 225 4317; x_wconf 86' lang='lat' dir='ltr'>Ergo</span> <span class='ocrx_word' id='word_1_249' title='bbox 240 4216 379 4315; x_wconf 77' lang='lat' dir='ltr'>enos,</span> <span class='ocrx_word' id='word_1_250' title='bbox 405 4222 502 4299; x_wconf 89' lang='lat' dir='ltr'>dicet</span> <span class='ocrx_word' id='word_1_251' title='bbox 519 4226 664 4323; x_wconf 86' lang='lat' dir='ltr'>aliquis,</span> <span class='ocrx_word' id='word_1_252' title='bbox 689 4230 867 4306; x_wconf 86' lang='lat' dir='ltr'>alavacro</span> <span class='ocrx_word' id='word_1_253' title='bbox 882 4246 1004 4331; x_wconf 86' lang='lat' dir='ltr'>potrus</span> <span class='ocrx_word' id='word_1_254' title='bbox 1020 4233 1184 4324; x_wconf 84' lang='lat' dir='ltr'>jejunare</span> 
     </span>
     <span class='ocr_line' id='line_1_38' title="bbox 1022 4352 1134 4431; baseline 0.009 -25"><span class='ocrx_word' id='word_1_255' title='bbox 1022 4352 1134 4431; x_wconf 88' lang='lat' dir='ltr'>opor·</span> 
     </span>
    </p>
   </div>
   <div class='ocr_carea' id='block_1_4' title="bbox 0 0 1212 4590">
    <p class='ocr_par' dir='ltr' id='par_1_7' title="bbox 0 0 1212 4590">
     <span class='ocr_line' id='line_1_39' title="bbox 0 0 1212 4590; baseline 0 0"><span class='ocrx_word' id='word_1_256' title='bbox 0 0 1212 4590; x_wconf 95' lang='lat' dir='ltr'> </span> 
     </span>
    </p>
   </div>
  </div>
 </body>
</html>
