2400 4590
310 554 386 611 nc
432 532 886 619 Monooantru
1056 558 1127 643 ιη

56 714 174 791 cato,
210 692 289 769 imo
308 698 421 772 aliena
439 696 626 795 miscetur,
662 696 708 774 de
733 720 803 794 qua
824 698 894 775 dici
910 720 987 779 non
1003 702 1126 803 potat,

56 800 135 871 Hoc
158 794 200 890 ιβ
214 822 285 867 caro
299 822 338 868 tx
353 822 446 869 cartre
459 824 546 888 mea,
574 798 615 877 σ
628 800 685 870 boc
699 825 731 869 or
747 828 787 871 cx
799 800 911 893 affilas
927 812 1012 879 meis.
1061 802 1125 883 Se·

57 898 131 973 mel
151 898 248 971 enirn
263 896 336 969 hoc
349 894 479 971 factum
496 896 821 991 &pronunciatum
839 899 929 975 sicut
943 904 988 975 ab
1002 902 1122 1001 initio,

54 996 106 1070 ita
133 993 170 1067 dt
195 997 352 1068 nuncin
376 998 477 1071 aliam
501 1014 643 1071 carnem
663 1018 740 1072 non
764 998 884 1091 potest
910 1003 1121 1081 convenire.

54 1092 185 1187 Itaque
200 1095 271 1168 fine
288 1092 404 1168 caulla
420 1092 541 1190 dices,
567 1098 688 1171 Deum
701 1098 793 1170 vivo
808 1098 939 1172 marito
953 1102 1054 1175 nolle
1066 1120 1123 1177 re·

56 1192 239 1289 podiatam
255 1194 313 1267 alii
328 1196 409 1267 viro
419 1194 540 1292 jungi,
568 1192 662 1288 quasi
676 1210 825 1271 mortuo
837 1198 951 1293 velit,
975 1196 1121 1295 quando

56 1294 247 1369 limortuo
272 1313 348 1366 non
367 1306 534 1389 tenetur,
559 1292 716 1388 proinde
735 1314 806 1370 nec
830 1296 946 1390 viro,
971 1312 1045 1375 tam
1064 1318 1123 1373 re-

57 1392 169 1487 pudio
187 1393 452 1467 matrimonium
465 1390 674 1488 dirimente,
695 1416 813 1488 ·quam
833 1410 953 1471 morte
972 1418 1048 1474 non
1066 1411 1122 1475 to·

57 1492 202 1567 rebitur
228 1490 286 1582 ei,
312 1492 370 1563 cui
392 1492 491 1585 quod
512 1498 703 1569 tenebatur
725 1496 914 1589 abruptum
940 1496 1002 1571 est.
1051 1496 1120 1575 Cui

57 1610 146 1689 ergo
159 1588 370 1664 tenebitur?
395 1586 496 1666 Nihil
511 1590 596 1667 Deo
608 1592 775 1686 interest,
800 1597 894 1667 vivo
910 1615 955 1669 an
968 1610 1119 1671 mortuo

56 1692 140 1763 viro
166 1690 290 1765 nubat
340 1686 472 1783 Neque
490 1694 584 1767 enirn
604 1693 642 1765 in
662 1691 761 1767 illum
782 1691 976 1789 delinquit,
1002 1692 1063 1769 sed
1079 1695 1121 1771 iu

58 1784 288 1883 semetipsam.
349 1790 447 1861 Omne
459 1788 605 1863 delirium
622 1790 701 1891 quod
719 1793 879 1883 admiserit
895 1798 1000 1881 duno,
1025 1810 1120 1867 extra

57 1912 164 1987 corpur
182 1890 241 1985 est:
273 1888 330 1988 qu·
348 1904 455 1961 autor
466 1892 688 1978 adulteratur,
714 1896 753 1962 in
776 1910 883 1989 carpas
902 1891 994 1985 suum
1017 1894 1119 1965 delirr-

57 1998 141 2088 μιν.
192 1982 426 2063 Adulteratur
447 2002 588 2083 autem,
613 1988 703 2064 sicut
719 1986 822 2085 supra
839 1990 1117 2087 praestruximus,

58 2089 116 2181 qui
136 2086 240 2161 aliam
258 2107 399 2161 carnem
413 2084 476 2162 fibi
495 2084 666 2164 immiscet
686 2085 789 2183 super
805 2091 900 2164 illam
922 2090 1116 2185 pristinam,

59 2206 160 2278 quam
183 2182 284 2258 Deus
309 2203 371 2258 aut
393 2186 582 2280 coniunxit
603 2189 640 2261 in
661 2187 779 2282 diros,
806 2206 867 2262 aut
890 2190 1116 2282 coniunilam

58 2284 301 2379 deprehendit.
354 2281 514 2379 Ideoque
541 2288 681 2361 abstulit
703 2288 913 2383 repudium,
949 2290 1047 2381 quod
1069 2290 1115 2364 ab

58 2382 159 2459 initio
184 2402 260 2457 non
276 2380 361 2457 luitt
396 2400 437 2457 ut
456 2385 554 2478 quod
572 2388 615 2460 ab
637 2388 741 2460 initio
758 2388 847 2483 fuit,
873 2393 1010 2462 muniat
1025 2388 1116 2461 duo·

58 2502 132 2559 tum
155 2486 193 2557 in
216 2503 323 2556 unam
347 2504 489 2557 carnem
512 2485 830 2579 perseverantiam,
864 2509 910 2560 ne
932 2489 1115 2561 nccelfitas

58 2588 115 2658 vel
128 2582 275 2657 occasio
290 2585 403 2656 tertia
417 2586 706 2658 concarnationis
720 2588 912 2678 irrumpat,
941 2583 1005 2656 soli
1022 2582 1117 2656 caus·

58 2678 97 2759 sa
121 2682 335 2777 permittens
359 2683 571 2775 repudium,
604 2682 630 2755 ir
655 2682 752 2755 forte
777 2685 1020 2774 praevenerit,
1057 2679 1115 2753 cui

58 2796 292 2875 precaretur.
336 2778 442 2853 Adeo
459 2797 577 2854 autem
592 2780 777 2873 repudium
794 2779 1024 2871 aprimordio
1039 2800 1117 2853 non

57 2878 147 2973 fuit,
182 2892 226 2953 ut
245 2880 337 2972 apud
355 2880 541 2953 Romanos
562 2880 645 2974 post
670 2900 798 2951 annum
825 2877 1117 2954 sexcentesimum

57 2981 152 3055 urbia
171 2980 327 3052 condita
341 2978 376 3052 id
392 3002 501 3076 genus
518 2981 654 3053 duritiae
671 2976 887 3051 commissum
907 2979 1115 3051 denotetur.

56 3078 125 3155 Sed
144 3079 196 3151 illi
212 3078 317 3151 etiam
336 3098 411 3151 non
428 3081 654 3172 repudiantes
676 3079 846 3151 adulteria
863 3078 1114 3167 commiseram

56 3182 186 3273 nobis,
214 3178 274 3251 etsi
293 3179 539 3271 repudiemus,
566 3200 612 3251 ne
635 3180 770 3251 nubere
787 3178 927 3270 quidem
945 3180 1079 3250 licebit.

136 3298 191 3351 10.
212 3278 335 3351 Video
348 3277 417 3368 jam
433 3278 515 3350 hinc
531 3277 573 3351 ad
588 3273 803 3371 Apostolum
818 3300 886 3349 nos
904 3274 1113 3369 provocari.

58 3372 130 3449 Ad·
142 3379 241 3469 carjus
267 3375 400 3449 sensum
416 3376 552 3449 facilius
574 3376 852 3472 perspiciendum
869 3390 972 3447 tanto
987 3374 1116 3445 instan-

55 3477 128 3549 tius
144 3477 429 3569 praeculcandum
444 3475 513 3568 est,
539 3476 719 3551 mulierem
732 3476 840 3570 magis
857 3471 1027 3547 defunclo
1044 3490 1115 3545 ma·

55 3574 130 3648 rito
148 3574 293 3668 teneri,
327 3594 401 3665 quo
423 3577 538 3648 minus
559 3577 663 3649 alium
682 3578 797 3647 virum
819 3575 992 3646 admittat.
1044 3568 1116 3643 Re·

56 3676 258 3771 cogitemus
273 3675 366 3747 enim
381 3672 566 3769 repudium
583 3689 644 3747 aut
659 3674 832 3747 discordia
848 3670 945 3759 fieri,
973 3681 1033 3739 ant
1048 3667 1117 3740 dis·

55 3770 380 3848 cordiam‘facere:
415 3787 570 3847 mortem
596 3792 687 3846 vero
713 3776 858 3865 exlege
882 3766 951 3840 llei
973 3786 1048 3839 non
1070 3784 1116 3843 ex

54 3872 213 3947 hominis
230 3867 366 3946 offensa
382 3871 549 3964 evenire,
568 3871 674 3965 idque
687 3875 845 3946 omnium
860 3863 928 3939 effe
942 3865 1116 3962 debitum,

55 3976 165 4047 etiam
178 3970 484 4047 nonmaritorum.
512 3972 636 4067 Igitur,
651 3972 675 4045 fi
688 3970 872 4062 repudiata
883 3988 959 4057 qua
970 3986 1034 4059 par
1048 3968 1118 4039 dis·

55 4068 280 4165 cordiam&
295 4072 397 4164 iram,
416 4070 450 4145 dc
465 4069 601 4165 odium,
619 4074 653 4144 dc
667 4064 798 4142 caullas
817 4087 942 4139 eorum
954 4064 1117 4160 injuriam

55 4172 122 4249 vel
143 4171 423 4268 conmmeliam,
454 4172 519 4246 vel
536 4172 730 4345 qulgmlibet
747 4164 977 4259 querelam&
1001 4160 1117 4335 au‘itmt

629 4290 649 4343 a
