2400 4590
106 525 177 617 216³
227 528 280 640 Q..
300 520 437 613 sm.
461 530 608 647 Eiron.
632 500 997 635 Trn'runnrsur
1021 536 1089 619 &e

101 676 171 776 lus
191 698 378 773 velaminis
403 696 519 791 spacia
540 708 695 771 metatus
721 695 782 774 est.
834 696 929 773 Nam
953 700 1092 776 cuidam
1110 698 1166 775 so·

101 794 179 874 ‘rori
193 782 484 895 nostrae'engelus
495 788 681 870 insomnis
698 794 883 893 cervices,
908 796 1166 895 qualrapplau·

102 900 229 992 deret,
261 892 481 991 verberans,
513 894 715 992 elegantes,
749 890 885 990 inquit,
919 897 1103 993 cervices,
1130 899 1168 973 dt

100 999 234 1075 merito
252 996 366 1093 nude,
385 1058 389 1065 .
425 994 570 1070 Bonum
590 990 641 1067 est
660 1008 774 1087 usque
791 994 836 1069 ad
851 986 993 1069 lumbos
1011 1000 1166 1091 ecapite

26 1100 29 1105 ’
100 1094 261 1190 veleris,
287 1117 334 1169 ne
350 1096 385 1169 ἃ
404 1092 470 1168 tibi
491 1093 554 1167 ista
574 1096 756 1167 cervicum
775 1096 920 1169 libertas
942 1116 1018 1170 non
1037 1097 1167 1193 prosit.

39 1234 48 1251 ·
99 1194 152 1273 Et
167 1198 293 1289 utique
308 1184 408 1289 quod
421 1194 482 1288 uni
498 1193 649 1286 dixeris,
668 1194 835 1269 omnibus
854 1195 996 1268 dixeris.
1042 1198 1167 1296 Quen·

46 1338 51 1349 ·
100 1289 175 1370 tam
189 1311 309 1371 autem
322 1294 587 1390 castigationem
599 1294 833 1366 merebuntur
849 1294 955 1367 etiarn
971 1294 1059 1389 illae,
1085 1317 1167 1388 quae

100 1380 197 1469 inter
213 1371 365 1490 psalmos
378 1382 440 1465 vel
455 1394 493 1465 in
507 1412 717 1485 quacunque
733 1392 805 1466 Dei
820 1388 1007 1466 mentione
1022 1394 1166 1468 reteilae

128 1491 359 1568 erseveranti
385 1496 515 1585 merito
532 1513 579 1565 ne
594 1491 719 1585 etiam,
746 1493 784 1564 in
801 1493 994 1589 orationei
1020 1491 1054 1566 sa
1066 1492 1166 1568 facil·

98 1515 185 1669 Eme
205 1586 401 1685 fimbriam,
428 1605 490 1664 aut
508 1591 661 1688 villum,
695 1599 757 1663 aut
777 1591 967 1684 quodlibet
1026 1609 1085 1667 um
1106 1615 1167 1668 ce·

99 1696 210 1768 rebro
232 1690 504 1787 superponunt,
537 1687 705 1763 &tems
727 1678 763 1764 se
788 1692 994 1787 opinantur.
1052 1691 1167 1767 Tanti

101 1807 212 1887 caput
234 1789 332 1865 suum
347 1791 591 1866 mentiuntur.
648 1782 741 1863 Aliae
767 1791 895 1882 quibus
918 1793 1023 1884 plane
1049 1795 1165 1887 major

100 1891 155 1967 'est
172 1893 288 1986 palma
306 1893 404 1965 omni
422 1880 558 1983 fimbria
573 1880 608 1961 ἂ
624 1878 711 1982 filo,
734 1910 811 1961 non
830 1891 946 1963 minus
967 1893 1084 1984 capite
1099 1890 1163 1967 suo

102 1997 322 2085 abutuntur,
347 2003 389 2062 ut
408 1988 518 2063 bestia
538 1980 696 2082 quedam
715 1990 847 2085 magis,
873 2010 977 2082 quam
995 1991 1098 2083 avis,
1124 1994 1165 2065 li·

101 2105 162 2164 cet
173 2102 349 2187 pennata,
367 2089 473 2163 brevi
489 2088 627 2182 capite,
645 2085 827 2182 protratla
840 2090 1007 2184 cervice,
1034 2104 1164 2165 cetere

100 2190 304 2284 'altegradia
367 2188 473 2263 Hanc
501 2178 603 2279 siunt
629 2208 711 2261 cum
734 2180 1011 2261 delitescendum
1038 2188 1163 2285 habet,

100 2288 210 2380 Jcaput
227 2282 341 2361 solum
364 2290 470 2380 plane
492 2294 614 2386 totum
635 2281 673 2359 in
699 2285 916 2361 condensum
943 2282 1163 2383 abstrudere,

98 2388 272 2481 reliquam
289 2385 323 2460 se
339 2384 376 2459 in
394 2399 520 2480 aperto
537 2382 749 2477 relinquere.
807 2389 862 2459 lta
885 2388 968 2461 dum
986 2389 1023 2460 in
1044 2389 1164 2482 capite

100 2480 223 2560 secuta
241 2484 314 2579 est,
336 2482 458 2580 nuda,
483 2506 552 2579 qua
564 2486 680 2578 major
697 2484 766 2576 est,
794 2488 932 2579 capitur
952 2499 1054 2579 tota,
1082 2509 1165 2562 cum

101 2587 230 2678 capite.
277 2580 390 2659 Tales
413 2599 520 2658 erunt
543 2584 691 2678 duilio,
717 2585 833 2659 minus
858 2602 962 2679 quarn
983 2588 1071 2659 utile
1096 2586 1162 2681 est,

100 2672 215 2760 tecle.
273 2684 438 2781 Oportet
463 2705 551 2783 ergo
577 2686 676 2759 omni
694 2698 860 2778 tempore
888 2684 922 2758 ἃ
948 2687 1046 2759 omni
1072 2686 1162 2761 loco

32 2784 38 2809 ‘
100 2797 280 2863 memores
315 2787 403 2882 legis
437 2782 633 2880 incedere,
670 2796 809 2883 patetis
844 2784 1084 2858 &instruclas
1117 2784 1164 2860 ad

101 2890 248 2973 Jomnem
272 2876 345 2956 Dei
369 2876 589 2957 mentionem
650 2880 709 2974 qui
741 2880 767 2955 s1
797 2876 906 2958 fuerit
938 2885 975 2957 in
1000 2884 1164 2981 pedlore,

101 2976 391 3079 cognoscetur&
406 2983 443 3054 in
460 2982 578 3072 capite
594 2937 813 3057 feminarum.
865 2982 953 3056 Haec
969 3004 1050 3058 cum
1064 2986 1166 3073 bone

128 3103 192 3156 ace
205 3078 431 3177 legentibus,
453 3074 645 3175 utilitatem
660 3068 909 3155 consuetudini
922 3078 1164 3176 praeponenti·

100 3100 195 3274 Rus,
228 3203 297 3275 pax
322 3180 486 3276 &gratia
506 3202 526 3253 e
543 3172 693 3254 domino
715 3179 841 3255 nostro
864 3177 945 3277 Jesu
970 3184 1162 3279 redundet,

101 3292 187 3385 ¹cunr
201 3277 374 3378 Septimio
385 3278 633 3374 Tertulliano,
650 3279 751 3374 cujus
763 3281 838 3355 hoc
854 3278 1063 3377 opusculum
1076 3276 1139 3360 eu
