2400 4590
207 535 945 613 nnuesomcnonecmn.
1029 535 1100 607 601

45 689 185 786 homo,
209 693 245 766 id
264 693 342 789 est,
364 694 506 790 Adam,
531 697 798 791 deputarentur.
861 694 1037 769 Ceterum·
1049 693 1102 767 di·

45 793 149 867 versa
169 795 207 865 in
229 794 392 869 ordinem
411 794 548 889 disponi
564 816 640 869 non
658 794 824 888 poii‘unt,
850 794 894 867 de
912 794 1104 867 substmtit

47 894 230 967 duntaxat.
279 892 342 969 De
363 896 449 967 loco
474 894 569 969 enim
592 908 654 967 aut
670 910 860 987 tempore,
894 908 956 965 aut
978 893 1101 967 condi·

47 988 152 1065 tiorie
173 992 318 1065 forsitan
337 993 476 1085 poffint.
527 992 599 1067 Hit
618 1010 737 1083 autem
755 993 799 1066 de
819 990 1008 1065 substantia
1026 1010 1102 1064 car·

47 1095 124 1181 nis,
160 1092 292 1183 primus
317 1091 350 1163 u
370 1092 574 1167 noviffimus
594 1092 674 1166 diui
695 1089 793 1185 sunt,
825 1092 913 1165 sicut
931 1090 966 1163 δι
984 1088 1104 1163 rursus

47 1196 180 1283 primns
198 1192 310 1262 homo
326 1180 376 1264 ‘de
392 1205 510 1286 terra,
542 1192 578 1264 dt
592 1190 765 1265 secundus
784 1191 830 1265 de
843 1191 951 1264 ‚coeio
1004 1192 1103 1362 (guia

48 1290 111 1363 etfi
127 1289 173 1361 de
187 1290 280 1361 codo
294 1287 484 1365 secundum
505 1288 681 1385 spiritum,
705 1288 764 1364 sed
780 1292 892 1363 homo
910 1288 1016 1363 secun
1042 1310 1103 1363 um

50 1408 203 1461 carnem.
251 1388 376 1479 ltaque
397 1410 478 1463 cum
501 1391 598 1465 carni
619 1390 817 1463 conveniat
836 1388 928 1461 ordo
947 1389 986 1459 in
999 1402 1102 1461 uno·
1172 1422 1178 1431 ·

49 1508 123 1577 quo
137 1486 273 1577 Adam,
301 1509 378 1561 non
397 1491 536 1563 anime:
561 1502 604 1561 ut
622 1489 754 1581 primus
775 1489 886 1561 homo
900 1489 936 1561 in
951 1487 1103 1563 animam

47 1586 195 1679 vivam,
219 1586 424 1662 novissimus
437 1590 474 1662 in
486 1585 644 1682 spiritum
661 1583 927 1678 vivificantem,
943 1585 1106 1660 diffiniti

47 1684 134 1758 fint:
159 1706 259 1775 aeque
283 1684 457 1759 distinfflo
477 1707 604 1760 eorum
623 1687 720 1759 cami
739 1684 996 1759 distindionem
1016 1705 1105 1779 pte·
1173 1766 1176 1771 ,

44 1785 242 1876 judicavit,
253 1810 256 1815 ·
268 1800 311 1856 ut
328 1784 373 1856 de
393 1805 500 1858 come
518 1786 561 1859 sit
572 1784 719 1858 ditiumt
745 1806 822 1858 non
835 1786 987 1878 primum
1004 1774 1105 1875 quod

48 1880 222 1975 spiritale,
240 1882 297 1955 sed
312 1884 409 1975 quod
420 1886 588 1958 animale:
607 1882 732 1977 postea
743 1884 840 1975 quod
857 1882 1027 1977 spiritalet
1052 1896 1104 1957 ot·

48 2002 120 2073 que
136 1982 187 2054 ita
207 1983 330 2055 eadem
346 1982 388 2055 stt
403 1983 438 2057 u
454 1980 557 2077 supra
577 1982 826 2078 intelligenda:
853 1982 887 2055 δι
907 2004 985 2077 quae
1006 1981 1106 2057 femi·
1155 2026 1157 2031 π

47 2096 156 2154 netur
178 2101 311 2174 corpus
330 2084 503 2176 animale,
538 2081 666 2174 &quae
683 2079 840 2177 resurgat
860 2102 993 2177 corpus
1010 2080 1107 2177 spiri·

48 2183 140 2251 tole:
166 2182 245 2271 quia
264 2202 340 2252 non
356 2184 508 2275 primum
526 2180 625 2275 quod
642 2179 818 2275 spiritale,
843 2178 901 2253 sed
921 2180 1019 2275 quod
1033 2180 1107 2254 ani·

48 2281 158 2353 male:
177 2282 258 2371 quia
268 2282 402 2374 primus
417 2279 531 2355 Adam
543 2281 581 2353 in
595 2283 757 2373 animam,
771 2278 976 2355 noviiiimus
991 2279 1107 2353 Adam

48 2381 86 2450 in
107 2375 275 2469 spiritum.
335 2377 476 2453 Totum
498 2381 544 2452 de
565 2380 738 2470 homine,
774 2394 893 2451 totum
916 2378 961 2453 de
983 2399 1107 2471 carne,

50 2477 196 2567 quando
218 2477 263 2547 de
285 2476 441 2553 homine.
499 2476 597 2571 Quid
614 2498 701 2571 ergo
724 2477 909 2551 dicemus?
931 2498 1055 2553 nonne
1072 2478 1108 2549 δι

49 2595 150 2647 nunc
167 2575 276 2645 habet
291 2594 376 2645 caro
392 2572 550 2668 spiritum
566 2595 610 2648 ex
625 2572 725 2647 fidei
750 2588 793 2645 ut
808 2574 1034 2665 querendum
1049 2575 1106 2665 stt,
1196 2662 1199 2667 ¹

52 2673 239 2763 quomodo
257 2693 388 2767 corpus
402 2675 550 2748 animale
569 2673 708 2747 dicatur
718 2671 890 2747 seminari.
928 2668 1036 2745 Pione
1051 2693 1108 2745 ac·

52 2773 149 2865 cepit
166 2770 270 2843 &hic
285 2769 443 2865 spin'tum
460 2794 506 2847 ex
518 2768 610 2864 fide,
635 2785 677 2843 ut
691 2771 920 2864 querendum
932 2770 995 2863 fit,
1018 2791 1108 2863 quo-

49 2872 165 2947 modo
188 2891 319 2960 corpus
340 2872 490 2945 animale
507 2870 645 2944 dicatur
663 2870 834 2944 seminari.
883 2870 992 2945 Plane
1008 2891 1108 2947 acceP

49 2971 154 3067 pit&
172 2971 230 3042 hic
248 2970 406 3062 spiritum
423 2991 528 3063 caro,
549 2967 607 3044 sed
622 2972 844 3045 arrabonem.
894 2967 1035 3046 dnimae
1049 2992 1109 3045 au-

50 3086 125 3142 tem
138 3090 214 3142 non
231 3071 459 3159 arrabonem,
477 3069 536 3143 sed
549 3068 833 3161 plenitudinem.¹
864 3067 989 3163 itaque
1001 3072 1109 3146 etiam

50 3185 244 3260 propterea
264 3169 409 3259 majoris
429 3167 627 3241 substantie
643 3170 791 3243 nomine
810 3170 958 3243 animale
974 3191 1109 3263 corpus

51 3280 255 3356 nuncupata
271 3266 340 3351 est,
366 3269 403 3339 in
420 3288 489 3359 qua
508 3267 716 3361 seminatur,
742 3267 863 3341 futura
878 3270 1030 3361 proinde
1046 3288 1110 3361 pet

49 3365 308 3459 plenitudinem
322 3364 482 3459 spiritus,
509 3366 651 3460 insuper
666 3368 818 3461 spiritale
832 3368 870 3438 in
885 3388 955 3458 qua
966 3364 1110 3440 resusci-

51 3478 159 3535 tatur.
213 3464 311 3562 Quid
327 3469 453 3541 mirum
471 3466 495 3541 sl
511 3467 621 3563 magis
636 3467 719 3539 inde
734 3467 897 3540 vocitata
916 3465 988 3558 est,
1014 3466 1111 3540 unde

54 3561 314 3656 confortant,
339 3586 446 3655 quam
467 3566 564 3657 unde
585 3564 733 3659 dispersa
757 3564 833 3639 esti
859 3566 913 3637 lta
935 3565 981 3639 de
1001 3586 1110 3638 voca·

54 3666 220 3736 bulorum
242 3663 490 3737 occafionibus
511 3667 663 3759 primum
685 3664 894 3757 questiones
917 3663 1110 3737 subornan-

52 3774 140 3853 tur,
174 3762 264 3834 sicut
286 3760 321 3834 u
345 3764 391 3835 de
415 3764 612 3838 verborum
634 3765 957 3838 communionibus.
1015 3762 1112 3839 Nam

55 3863 136 3950 quin
157 3860 191 3933 u
211 3862 298 3932 iliud
317 3863 411 3955 apud
428 3862 646 3956 Apostolum
663 3864 816 3957 positum
832 3861 902 3955 est,
927 3864 979 3933 uti
998 3862 1111 3937 devo·

53 3974 154 4031 retur
176 3963 330 4033 mortale
355 3984 375 4034 a
401 3963 503 4052 vita,
537 3982 623 4035 cato
648 3962 801 4034 scilicet:
835 3961 1114 4037 devorationem

55 4080 201 4149 quoque
216 4060 260 4131 nd
274 4061 514 4152 perditionem
527 4059 789 4143 scilicetcarnis
802 4061 994 4152 arripiunt,
1021 4062 1115 4153 quau

53 4180 130 4233 non
146 4159 256 4232 bilem
276 4158 311 4231 δι
328 4158 496 4241 dolorem
509 4158 666 4333 dizamnr
680 4158 879 4256 devorare,
905 4160 942 4237 id
960 4158 1031 4333 esst,
1057 4160 1120 4235 ob·

314 4288 323 4299 ·
583 4277 656 4353 ps
979 4282 1063 4334 con-
