2400 4590
378 357 385 373 Ο

142 524 204 579 nt
236 503 670 605 Resumcntout
703 522 896 580 cnuutt.
971 508 1042 593 585

54 668 136 737 aitis
156 664 273 736 diatim
294 664 405 744 somna
463 668 537 761 Qui
550 664 712 759 fieretur,
732 667 802 761 jam
817 686 884 733 nm
891 658 1043 756 furetur,

54 790 83 834 m
94 769 202 861 potius
216 764 335 835 samm
348 767 501 861 opirando
512 767 674 853 manibus,
691 770 743 833 uti
756 762 867 834 babeat
880 768 1046 859 impartire

54 866 158 959 ‘geum
212 868 324 934 Omnis
335 862 437 953 serm
458 870 564 962 turpis
577 890 645 935 non
660 866 804 961 procedat
817 888 857 934 ex
869 886 921 933 ore
932 862 1043 959 veflrt,

57 971 113 1061 qui
124 965 171 1061 fit
188 969 322 1058 optimus
336 966 378 1035 od
392 966 626 1056 aedificationem
637 966 738 1054 fidei,
770 976 808 1034 ut
828 965 967 1055 gratiam
987 986 1045 1031 au.

54 1065 147 1133 itibus
159 1064 291 1162 prestet.
346 1064 396 1136 Ei
411 1068 513 1137 nolite
526 1064 710 1159 contristare
723 1062 870 1159 spiritum
889 1066 955 1133 Dei
967 1062 1047 1149 scin·

54 1190 131 1233 nin
156 1186 216 1261 quo
229 1164 352 1259 figmata*
374 1162 466 1259 estis,
504 1169 543 1237 in
563 1166 782 1259 redemptionis
806 1164 867 1235 die.
935 1164 1047 1232 Omnis

54 1266 165 1333 vitudu
184 1262 223 1339 (s
240 1267 310 1347 ira,
334 1262 372 1339 U
392 1266 526 1350 clamor,
551 1262 591 1345 di
604 1263 810 1363 blasphemia,
834 1261 1007 1354 auferatur
1023 1286 1045 1331 a

54 1369 92 1449 is,
116 1388 186 1434 cum
203 1368 289 1433 omni
303 1364 439 1436 melitio
489 1364 596 1460 Estote
608 1364 713 1435 autem
732 1369 771 1431 in
790 1364 982 1435 alterutrum
996 1359 1046 1432 be·

54 1467 106 1537 ni,
129 1464 354 1553 misericordes,
379 1464 531 1538 ommes
550 1469 710 1555 invicem,
728 1462 811 1558 ficut
827 1460 866 1536 U
882 1466 970 1533 Deus
988 1485 1047 1530 vo·

55 1566 191 1634 donavit
212 1570 250 1632 in
271 1562 407 1659 christo.
467 1562 605 1659 Igitur,
638 1562 699 1654 qul
718 1582 861 1634 carnem
883 1574 1047 1635 veterem

54 1664 171 1735 niuem
186 1660 404 1753 existimant,
422 1681 486 1733 eur
500 1682 576 1735 non
589 1674 745 1735 mortem
758 1660 820 1734 fibi
834 1672 1046 1753 properant,

54 1773 177 1833 vetere
193 1762 339 1834 homine
355 1760 520 1856 deposito
532 1762 719 1857 preceptis
731 1758 900 1853 Apostoli
918 1778 1047 1832 occut-

57 1858 100 1931 t‘i
133 1859 215 1932 Nos
239 1860 355 1952 enim,
381 1860 441 1953 qui
460 1870 576 1935 totam
598 1856 705 1933 fidem
726 1860 763 1933 in
781 1880 887 1933 carne
903 1858 1047 1933 admini-

54 1960 163 2037 mdam
178 1959 403 2052 credidimus,
419 1961 531 2033 immo
548 1959 584 2033 dt
595 1978 661 2055 per
676 1978 818 2032 carnem
833 1960 933 2051 cujus
953 1957 1049 2032 est&

54 2057 95 2131 ad
112 2058 366 2151 proferendum
384 2059 561 2154 optimum
576 2078 752 2153 quemque
768 2054 987 2152 sermonem,
1014 2058 1049 2131 dc

54 2179 108 2252 gua
135 2157 178 2230 ad
203 2179 279 2231 non
304 2157 634 2254 blasphemandum,
670 2158 705 2231 u
732 2178 799 2235 cor
824 2158 867 2230 ad
893 2179 970 2231 non
997 2158 1049 2231 in·

54 2256 225 2349 nandum,
260 2258 294 2329 &
316 2280 438 2331 manus
460 2257 505 2331 ad
525 2257 746 2353 operandum
765 2258 799 2331 dt
816 2258 1047 2354 largiendum,

54 2380 64 2430 ι
80 2356 293 2428 vetustatem
311 2356 465 2429 hominis
483 2378 586 2447 quam
602 2359 830 2447 novitatem,
862 2356 907 2429 ad
932 2377 1048 2430 mora·

54 2478 86 2545 t,
113 2475 189 2527 non
209 2455 253 2526 ad
268 2452 525 2527 substantialem
541 2454 778 2527 differentiam
794 2458 974 2549 pertinere
991 2455 1049 2528 de-

55 2555 178 2625 dimus.
230 2549 352 2641 Atque
374 2554 424 2623 ita
447 2554 579 2646 pariter
607 2552 826 2646 agnoscimus
851 2554 1050 2645 hominem,

72 2650 138 2722 sec·
156 2649 261 2723 ndum
279 2649 457 2743 pristinam
475 2650 786 2723 conversationem
801 2664 908 2722 vetus
925 2651 1050 2742 suerit,

54 2750 144 2822 idem
168 2749 201 2820 dc
223 2751 426 2843 corrumpi,
453 2750 504 2825 ita
522 2749 651 2825 ditium
669 2749 860 2823 secundum
880 2753 1050 2843 concupi-

54 2852 159 2922 ntiam
175 2846 408 2939 seduiiionis,
440 2850 737 2940 quemadmodum
751 2848 785 2921 dt
799 2863 982 2941 veterem,
1001 2849 1051 2922 se-

54 2951 146 3023 1dum
175 2948 352 3042 pristinam
378 2948 721 3043 conversationem,
755 2970 832 3022 non
860 2948 1051 3023 secundum

54 3072 162 3139 nem,
197 3067 260 3141 per
278 3048 461 3119 interitum
480 3064 701 3161 perpetuum.
733 3047 923 3123 -Ceterum
944 3070 1053 3121 carne

54 3170 64 3217 ι
81 3147 213 3218 salvum
231 3168 334 3236 quam
353 3147 525 3221 eundemt
559 3161 690 3240 utpote
712 3147 879 3223 vitiosam
903 3147 1050 3243 discipli-

54 3266 95 3333 u,
122 3265 196 3314 non
214 3248 473 3337 corpulentiam
490 3261 648 3322 exutum.
1085 3318 1098 3335 ‚

54 3336 126 3432 '46.
152 3340 279 3416 Talem
305 3346 436 3436 ubique
457 3344 673 3439 Apostolum
697 3344 964 3444 recognoscas,
1000 3345 1051 3419 ita

54 3443 108 3515 nis
130 3462 240 3533 opera
258 3442 501 3537 damnantem,
528 3462 570 3518 ut
589 3466 732 3520 carnem
749 3446 912 3519 damnare
928 3443 1051 3516 videa-

59 3565 69 3614 :
96 3539 155 3613 sed
173 3562 220 3612 ne
237 3543 286 3613 ita
306 3544 384 3633 quis
403 3544 599 3637 existimet,
630 3545 664 3618 dt
684 3546 834 3617 aliorum
854 3545 913 3617 vel
934 3544 1052 3617 cohae·

54 3642 146 3717 :tium
164 3637 322 3714 sensuum
343 3642 502 3739 suggestu
520 3659 786 3737 procurantem.
839 3643 934 3717 Nam
951 3644 984 3716 &
1001 3643 1052 3716 d'r·

54 3760 78 3812 ts
117 3765 164 3811 eos
203 3745 259 3836 qui
297 3746 333 3810 in
371 3766 467 3812 came
487 3744 584 3839 fini,
624 3748 692 3816 Deo
719 3746 840 3841 placere
869 3768 934 3817 mn
961 3742 1052 3840 posse,

54 3839 108 3912 :im
145 3840 190 3910 de
221 3859 339 3930 pravo
376 3841 560 3915 intelleitu
593 3842 637 3915 ad
667 3844 846 3940 integrum
875 3856 1052 3931 revocat,

54 3938 181 4011 sciens:
214 3944 277 4010 Vos
292 3954 398 4008 aaran
417 3964 483 4011 nun
507 3943 576 4039 estis
595 3948 762 4029 incarne,
788 3945 844 4033 scd
865 3946 903 4011 in
915 3942 1051 4037 spiritu.

54 4057 69 4109 s
97 4039 214 4126 enim,
247 4057 338 4127 quos
364 4040 402 4109 in
429 4059 535 4112 carne
555 4038 625 4113 esse
648 4040 853 4135 constabat,
887 4041 1053 4135 negando

54 4157 153 4214 :arne
172 4133 261 4231 eise,
287 4137 325 4211 iu
340 4138 638 4317 operibusJarnis
651 4161 727 4223 oon
741 4140 1054 4223 esemonstmbat
