<?xml version="1.0" encoding="UTF-8"?>
<!DOCTYPE html PUBLIC "-//W3C//DTD XHTML 1.0 Transitional//EN"
    "http://www.w3.org/TR/xhtml1/DTD/xhtml1-transitional.dtd">
<html xmlns="http://www.w3.org/1999/xhtml" xml:lang="en" lang="en">
 <head>
  <title>
</title>
<meta http-equiv="Content-Type" content="text/html;charset=utf-8" />
  <meta name='ocr-system' content='tesseract 3.04.00' />
  <meta name='ocr-capabilities' content='ocr_page ocr_carea ocr_par ocr_line ocrx_word'/>
</head>
<body>
  <div class='ocr_page' id='page_1' title='image "./operaomniasanct03librgoog_0127.png"; bbox 0 0 2400 4590; ppageno 0'>
   <div class='ocr_carea' id='block_1_1' title="bbox 90 500 999 609">
    <p class='ocr_par' dir='ltr' id='par_1_1' title="bbox 90 500 999 609">
     <span class='ocr_line' id='line_1_1' title="bbox 90 500 999 609; baseline -0.009 -22"><span class='ocrx_word' id='word_1_1' title='bbox 90 526 166 603; x_wconf 72' lang='lat'>104</span> <span class='ocrx_word' id='word_1_2' title='bbox 224 506 275 609; x_wconf 85' lang='lat' dir='ltr'>Q.</span> <span class='ocrx_word' id='word_1_3' title='bbox 297 500 436 581; x_wconf 70' lang='lat' dir='ltr'>Smer.</span> <span class='ocrx_word' id='word_1_4' title='bbox 457 500 604 579; x_wconf 76' lang='lat' dir='ltr'>Fron.</span> <span class='ocrx_word' id='word_1_5' title='bbox 630 500 999 582; x_wconf 78' lang='lat' dir='ltr'>Trarutcrsrrr</span> 
     </span>
    </p>
   </div>
   <div class='ocr_carea' id='block_1_2' title="bbox 85 660 1197 4348">
    <p class='ocr_par' dir='ltr' id='par_1_2' title="bbox 85 660 1197 1871">
     <span class='ocr_line' id='line_1_2' title="bbox 88 660 1148 761; baseline -0.007 -15"><span class='ocrx_word' id='word_1_6' title='bbox 88 679 198 747; x_wconf 69' lang='lat' dir='ltr'>natm</span> <span class='ocrx_word' id='word_1_7' title='bbox 211 664 287 757; x_wconf 78' lang='lat' dir='ltr'>cst,</span> <span class='ocrx_word' id='word_1_8' title='bbox 309 664 392 759; x_wconf 73' lang='lat' dir='ltr'>qma</span> <span class='ocrx_word' id='word_1_9' title='bbox 403 686 450 741; x_wconf 85' lang='lat' dir='ltr'>ex</span> <span class='ocrx_word' id='word_1_10' title='bbox 466 660 692 758; x_wconf 72' lang='lat' dir='ltr'>desponsata,</span> <span class='ocrx_word' id='word_1_11' title='bbox 724 684 803 757; x_wconf 78' lang='lat' dir='ltr'>qna</span> <span class='ocrx_word' id='word_1_12' title='bbox 817 664 927 761; x_wconf 85' lang='lat' dir='ltr'>virgo</span> <span class='ocrx_word' id='word_1_13' title='bbox 949 662 1020 739; x_wconf 86' lang='lat' dir='ltr'>else</span> <span class='ocrx_word' id='word_1_14' title='bbox 1041 662 1148 739; x_wconf 87' lang='lat' dir='ltr'>delle·</span> 
     </span>
     <span class='ocr_line' id='line_1_3' title="bbox 88 762 1197 861; baseline -0.005 -18"><span class='ocrx_word' id='word_1_15' title='bbox 88 766 404 859; x_wconf 75' lang='lat' dir='ltr'>ritltucnomine.¹</span> <span class='ocrx_word' id='word_1_16' title='bbox 453 762 608 859; x_wconf 80' lang='lat' dir='ltr'>Quodsi</span> <span class='ocrx_word' id='word_1_17' title='bbox 627 786 673 839; x_wconf 79' lang='lat' dir='ltr'>ex</span> <span class='ocrx_word' id='word_1_18' title='bbox 686 764 827 861; x_wconf 84' lang='lat' dir='ltr'>virgine</span> <span class='ocrx_word' id='word_1_19' title='bbox 843 779 948 837; x_wconf 89' lang='lat' dir='ltr'>natus</span> <span class='ocrx_word' id='word_1_20' title='bbox 966 763 1035 854; x_wconf 86' lang='lat' dir='ltr'>eil,</span> <span class='ocrx_word' id='word_1_21' title='bbox 1060 765 1151 838; x_wconf 86' lang='lat' dir='ltr'>licet</span> <span class='ocrx_word' id='word_1_22' title='bbox 1195 832 1197 837; x_wconf 86' lang='lat'><em>.</em></span> 
     </span>
     <span class='ocr_line' id='line_1_4' title="bbox 90 862 1150 961; baseline -0.007 -17"><span class='ocrx_word' id='word_1_23' title='bbox 90 888 141 944; x_wconf 76' lang='lat' dir='ltr'>cx</span> <span class='ocrx_word' id='word_1_24' title='bbox 163 862 398 959; x_wconf 75' lang='lat' dir='ltr'>desponseta,</span> <span class='ocrx_word' id='word_1_25' title='bbox 427 874 548 937; x_wconf 84' lang='lat' dir='ltr'>tamen</span> <span class='ocrx_word' id='word_1_26' title='bbox 568 864 728 961; x_wconf 79' lang='lat' dir='ltr'>integra3</span> <span class='ocrx_word' id='word_1_27' title='bbox 767 862 921 959; x_wconf 83' lang='lat' dir='ltr'>agnosce</span> <span class='ocrx_word' id='word_1_28' title='bbox 947 866 1150 957; x_wconf 88' lang='lat' dir='ltr'>mulierem,</span> 
     </span>
     <span class='ocr_line' id='line_1_5' title="bbox 85 952 1150 1061; baseline -0.009 -18"><span class='ocrx_word' id='word_1_29' title='bbox 85 968 201 1043; x_wconf 70' lang='lat' dir='ltr'>eciem</span> <span class='ocrx_word' id='word_1_30' title='bbox 215 963 418 1061; x_wconf 84' lang='lat' dir='ltr'>virginem,</span> <span class='ocrx_word' id='word_1_31' title='bbox 442 964 550 1037; x_wconf 85' lang='lat' dir='ltr'>etiam</span> <span class='ocrx_word' id='word_1_32' title='bbox 566 963 740 1059; x_wconf 84' lang='lat' dir='ltr'>integram</span> <span class='ocrx_word' id='word_1_33' title='bbox 758 952 841 1038; x_wconf 87' lang='lat' dir='ltr'>dici.</span> <span class='ocrx_word' id='word_1_34' title='bbox 890 962 962 1037; x_wconf 90' lang='lat' dir='ltr'>Hic</span> <span class='ocrx_word' id='word_1_35' title='bbox 980 979 1080 1035; x_wconf 85' lang='lat' dir='ltr'>certe</span> <span class='ocrx_word' id='word_1_36' title='bbox 1097 964 1150 1035; x_wconf 89' lang='lat' dir='ltr'>ni-</span> 
     </span>
     <span class='ocr_line' id='line_1_6' title="bbox 89 1060 1152 1159; baseline -0.009 -16"><span class='ocrx_word' id='word_1_37' title='bbox 89 1066 146 1143; x_wconf 75' lang='lat' dir='ltr'>rur</span> <span class='ocrx_word' id='word_1_38' title='bbox 161 1064 378 1159; x_wconf 81' lang='lat' dir='ltr'><strong>prophetice</strong></span> <span class='ocrx_word' id='word_1_39' title='bbox 394 1060 524 1137; x_wconf 75' lang='lat' dir='ltr'>ditium</span> <span class='ocrx_word' id='word_1_40' title='bbox 544 1062 660 1135; x_wconf 84' lang='lat' dir='ltr'>videri</span> <span class='ocrx_word' id='word_1_41' title='bbox 678 1062 819 1156; x_wconf 84' lang='lat' dir='ltr'>potest,</span> <span class='ocrx_word' id='word_1_42' title='bbox 843 1076 888 1135; x_wconf 89' lang='lat' dir='ltr'>ut</span> <span class='ocrx_word' id='word_1_43' title='bbox 903 1060 1056 1135; x_wconf 85' lang='lat' dir='ltr'>suturam</span> <span class='ocrx_word' id='word_1_44' title='bbox 1072 1083 1152 1135; x_wconf 85' lang='lat' dir='ltr'>mu·</span> 
     </span>
     <span class='ocr_line' id='line_1_7' title="bbox 90 1160 1152 1256; baseline -0.008 -13"><span class='ocrx_word' id='word_1_45' title='bbox 90 1165 239 1256; x_wconf 72' lang='lat' dir='ltr'>deren,</span> <span class='ocrx_word' id='word_1_46' title='bbox 262 1160 369 1237; x_wconf 86' lang='lat' dir='ltr'>idest</span> <span class='ocrx_word' id='word_1_47' title='bbox 384 1178 551 1255; x_wconf 85' lang='lat' dir='ltr'>nuptam,</span> <span class='ocrx_word' id='word_1_48' title='bbox 575 1161 774 1255; x_wconf 84' lang='lat' dir='ltr'>Apostolus</span> <span class='ocrx_word' id='word_1_49' title='bbox 788 1163 982 1235; x_wconf 88' lang='lat' dir='ltr'>nominarit</span> <span class='ocrx_word' id='word_1_50' title='bbox 995 1161 1152 1235; x_wconf 89' lang='lat' dir='ltr'>dicendo</span> 
     </span>
     <span class='ocr_line' id='line_1_8' title="bbox 90 1260 1154 1357; baseline -0.006 -16"><span class='ocrx_word' id='word_1_51' title='bbox 90 1262 224 1341; x_wconf 74' lang='lat' dir='ltr'>fotium</span> <span class='ocrx_word' id='word_1_52' title='bbox 247 1260 301 1337; x_wconf 87' lang='lat' dir='ltr'>est</span> <span class='ocrx_word' id='word_1_53' title='bbox 318 1263 479 1337; x_wconf 88' lang='lat' dir='ltr'>muliere.</span> <span class='ocrx_word' id='word_1_54' title='bbox 527 1260 619 1337; x_wconf 87' lang='lat' dir='ltr'>Non</span> <span class='ocrx_word' id='word_1_55' title='bbox 642 1263 736 1335; x_wconf 91' lang='lat' dir='ltr'>enim</span> <span class='ocrx_word' id='word_1_56' title='bbox 754 1274 900 1354; x_wconf 89' lang='lat' dir='ltr'>poterat</span> <span class='ocrx_word' id='word_1_57' title='bbox 915 1260 1154 1357; x_wconf 87' lang='lat' dir='ltr'>posteriorem</span> 
     </span>
     <span class='ocr_line' id='line_1_9' title="bbox 90 1359 1155 1455; baseline -0.008 -14"><span class='ocrx_word' id='word_1_58' title='bbox 90 1362 279 1441; x_wconf 78' lang='lat' dir='ltr'>mulierem</span> <span class='ocrx_word' id='word_1_59' title='bbox 295 1361 505 1453; x_wconf 86' lang='lat' dir='ltr'>nominare,</span> <span class='ocrx_word' id='word_1_60' title='bbox 530 1360 576 1435; x_wconf 85' lang='lat' dir='ltr'>de</span> <span class='ocrx_word' id='word_1_61' title='bbox 589 1382 659 1455; x_wconf 87' lang='lat' dir='ltr'>qua</span> <span class='ocrx_word' id='word_1_62' title='bbox 672 1359 831 1435; x_wconf 82' lang='lat' dir='ltr'>Christus</span> <span class='ocrx_word' id='word_1_63' title='bbox 845 1360 940 1435; x_wconf 86' lang='lat' dir='ltr'>nasci</span> <span class='ocrx_word' id='word_1_64' title='bbox 953 1380 1031 1433; x_wconf 90' lang='lat' dir='ltr'>non</span> <span class='ocrx_word' id='word_1_65' title='bbox 1045 1360 1155 1433; x_wconf 85' lang='lat' dir='ltr'>habe-</span> 
     </span>
     <span class='ocr_line' id='line_1_10' title="bbox 91 1458 1154 1556; baseline -0.006 -19"><span class='ocrx_word' id='word_1_66' title='bbox 91 1464 180 1555; x_wconf 84' lang='lat' dir='ltr'>bat,</span> <span class='ocrx_word' id='word_1_67' title='bbox 203 1460 242 1535; x_wconf 90' lang='lat' dir='ltr'>id</span> <span class='ocrx_word' id='word_1_68' title='bbox 256 1458 308 1535; x_wconf 83' lang='lat' dir='ltr'>eu</span> <span class='ocrx_word' id='word_1_69' title='bbox 320 1460 439 1535; x_wconf 88' lang='lat' dir='ltr'>virum</span> <span class='ocrx_word' id='word_1_70' title='bbox 451 1458 600 1556; x_wconf 68' lang='lat' dir='ltr'>pallam</span> <span class='ocrx_word' id='word_1_71' title='bbox 626 1459 686 1535; x_wconf 91' lang='lat' dir='ltr'>sed</span> <span class='ocrx_word' id='word_1_72' title='bbox 699 1461 779 1554; x_wconf 87' lang='lat' dir='ltr'>illa,</span> <span class='ocrx_word' id='word_1_73' title='bbox 803 1482 882 1553; x_wconf 83' lang='lat' dir='ltr'>quae</span> <span class='ocrx_word' id='word_1_74' title='bbox 893 1474 972 1533; x_wconf 87' lang='lat' dir='ltr'>erat</span> <span class='ocrx_word' id='word_1_75' title='bbox 984 1458 1154 1553; x_wconf 77' lang='lat' dir='ltr'>praesens,</span> 
     </span>
     <span class='ocr_line' id='line_1_11' title="bbox 93 1559 1155 1657; baseline -0.001 -23"><span class='ocrx_word' id='word_1_76' title='bbox 93 1582 178 1655; x_wconf 64' lang='lat' dir='ltr'>qtae</span> <span class='ocrx_word' id='word_1_77' title='bbox 197 1574 277 1635; x_wconf 88' lang='lat' dir='ltr'>erat</span> <span class='ocrx_word' id='word_1_78' title='bbox 293 1560 428 1657; x_wconf 78' lang='lat' dir='ltr'>virgo,</span> <span class='ocrx_word' id='word_1_79' title='bbox 463 1560 500 1634; x_wconf 72' lang='grc' dir='ltr'>δι</span> <span class='ocrx_word' id='word_1_80' title='bbox 515 1561 642 1635; x_wconf 87' lang='lat' dir='ltr'>mulier</span> <span class='ocrx_word' id='word_1_81' title='bbox 662 1563 866 1635; x_wconf 79' lang='lat' dir='ltr'>vocabsmr</span> <span class='ocrx_word' id='word_1_82' title='bbox 880 1560 963 1657; x_wconf 90' lang='lat' dir='ltr'>post</span> <span class='ocrx_word' id='word_1_83' title='bbox 981 1559 1155 1633; x_wconf 74' lang='lat' dir='ltr'><strong>vocabuli</strong></span> 
     </span>
     <span class='ocr_line' id='line_1_12' title="bbox 92 1656 1158 1755; baseline -0.006 -18"><span class='ocrx_word' id='word_1_84' title='bbox 92 1660 205 1755; x_wconf 72' lang='lat' dir='ltr'>mjm</span> <span class='ocrx_word' id='word_1_85' title='bbox 217 1659 492 1755; x_wconf 71' lang='lat' dir='ltr'>proprietatem,</span> <span class='ocrx_word' id='word_1_86' title='bbox 505 1656 698 1735; x_wconf 88' lang='lat' dir='ltr'>secundum</span> <span class='ocrx_word' id='word_1_87' title='bbox 712 1660 897 1755; x_wconf 82' lang='lat' dir='ltr'>primordii</span> <span class='ocrx_word' id='word_1_88' title='bbox 912 1658 1065 1733; x_wconf 83' lang='lat' dir='ltr'>formam</span> <span class='ocrx_word' id='word_1_89' title='bbox 1081 1658 1158 1731; x_wconf 85' lang='lat' dir='ltr'>vir·</span> 
     </span>
     <span class='ocr_line' id='line_1_13' title="bbox 93 1756 1063 1871; baseline 0.001 -39"><span class='ocrx_word' id='word_1_90' title='bbox 93 1758 210 1871; x_wconf 68' lang='lat' dir='ltr'>ginis,</span> <span class='ocrx_word' id='word_1_91' title='bbox 234 1759 267 1832; x_wconf 87' lang='lat' dir='ltr'>dr</span> <span class='ocrx_word' id='word_1_92' title='bbox 285 1759 336 1831; x_wconf 89' lang='lat' dir='ltr'>ita</span> <span class='ocrx_word' id='word_1_93' title='bbox 348 1757 520 1835; x_wconf 89' lang='lat' dir='ltr'>universo</span> <span class='ocrx_word' id='word_1_94' title='bbox 535 1762 723 1835; x_wconf 81' lang='lat' dir='ltr'>mulierum</span> <span class='ocrx_word' id='word_1_95' title='bbox 733 1761 856 1859; x_wconf 80' lang='lat' dir='ltr'>generi</span> <span class='ocrx_word' id='word_1_96' title='bbox 874 1756 1063 1833; x_wconf 82' lang='lat' dir='ltr'>defensam.</span> 
     </span>
    </p>

    <p class='ocr_par' dir='ltr' id='par_1_3' title="bbox 95 1855 1174 4348">
     <span class='ocr_line' id='line_1_14' title="bbox 171 1855 1154 1955; baseline -0.002 -22"><span class='ocrx_word' id='word_1_97' title='bbox 171 1880 210 1952; x_wconf 81' lang='lat'>7.</span> <span class='ocrx_word' id='word_1_98' title='bbox 233 1855 502 1933; x_wconf 81' lang='lat' dir='ltr'>Convertamur</span> <span class='ocrx_word' id='word_1_99' title='bbox 523 1858 568 1933; x_wconf 82' lang='lat' dir='ltr'>ad</span> <span class='ocrx_word' id='word_1_100' title='bbox 590 1858 679 1955; x_wconf 88' lang='lat' dir='ltr'>ipsas</span> <span class='ocrx_word' id='word_1_101' title='bbox 695 1861 768 1954; x_wconf 78' lang='lat' dir='ltr'>jam</span> <span class='ocrx_word' id='word_1_102' title='bbox 787 1859 947 1931; x_wconf 87' lang='lat' dir='ltr'>rationes</span> <span class='ocrx_word' id='word_1_103' title='bbox 967 1856 1154 1931; x_wconf 70' lang='lat' dir='ltr'>recensen-</span> 
     </span>
     <span class='ocr_line' id='line_1_15' title="bbox 95 1956 1157 2053; baseline -0.005 -20"><span class='ocrx_word' id='word_1_104' title='bbox 95 1956 182 2053; x_wconf 76' lang='lat' dir='ltr'>das,</span> <span class='ocrx_word' id='word_1_105' title='bbox 205 1976 371 2053; x_wconf 73' lang='lat' dir='ltr'>perquer</span> <span class='ocrx_word' id='word_1_106' title='bbox 383 1956 585 2052; x_wconf 78' lang='lat' dir='ltr'>Apostolus</span> <span class='ocrx_word' id='word_1_107' title='bbox 601 1960 713 2034; x_wconf 90' lang='lat' dir='ltr'>docet</span> <span class='ocrx_word' id='word_1_108' title='bbox 727 1959 839 2033; x_wconf 88' lang='lat' dir='ltr'>velari</span> <span class='ocrx_word' id='word_1_109' title='bbox 853 1959 1031 2032; x_wconf 83' lang='lat' dir='ltr'>soeminanr</span> <span class='ocrx_word' id='word_1_110' title='bbox 1043 1976 1157 2050; x_wconf 88' lang='lat' dir='ltr'>opor-</span> 
     </span>
     <span class='ocr_line' id='line_1_16' title="bbox 95 2056 1161 2157; baseline -0.001 -25"><span class='ocrx_word' id='word_1_111' title='bbox 95 2071 206 2150; x_wconf 85' lang='lat' dir='ltr'>tere,</span> <span class='ocrx_word' id='word_1_112' title='bbox 238 2078 284 2131; x_wconf 86' lang='lat' dir='ltr'>an</span> <span class='ocrx_word' id='word_1_113' title='bbox 300 2056 425 2133; x_wconf 87' lang='lat' dir='ltr'>eadem</span> <span class='ocrx_word' id='word_1_114' title='bbox 442 2059 549 2133; x_wconf 62' lang='lat' dir='ltr'>fflam</span> <span class='ocrx_word' id='word_1_115' title='bbox 567 2058 761 2157; x_wconf 85' lang='lat' dir='ltr'>virginibus</span> <span class='ocrx_word' id='word_1_116' title='bbox 784 2071 1017 2151; x_wconf 82' lang='lat' dir='ltr'>competant3</span> <span class='ocrx_word' id='word_1_117' title='bbox 1046 2070 1092 2129; x_wconf 88' lang='lat' dir='ltr'>ut·</span> <span class='ocrx_word' id='word_1_118' title='bbox 1109 2077 1161 2131; x_wconf 82' lang='lat' dir='ltr'>ex</span> 
     </span>
     <span class='ocr_line' id='line_1_17' title="bbox 95 2154 1160 2253; baseline -0.003 -21"><span class='ocrx_word' id='word_1_119' title='bbox 95 2158 174 2232; x_wconf 86' lang='lat' dir='ltr'>lroc</span> <span class='ocrx_word' id='word_1_120' title='bbox 186 2176 334 2250; x_wconf 78' lang='lat' dir='ltr'>quoque</span> <span class='ocrx_word' id='word_1_121' title='bbox 344 2159 532 2233; x_wconf 86' lang='lat' dir='ltr'>vocabulo</span> <span class='ocrx_word' id='word_1_122' title='bbox 552 2158 815 2233; x_wconf 83' lang='lat' dir='ltr'>communionis</span> <span class='ocrx_word' id='word_1_123' title='bbox 837 2158 931 2231; x_wconf 84' lang='lat' dir='ltr'>inter</span> <span class='ocrx_word' id='word_1_124' title='bbox 947 2157 1106 2253; x_wconf 84' lang='lat' dir='ltr'>virgines</span> <span class='ocrx_word' id='word_1_125' title='bbox 1120 2154 1160 2229; x_wconf 83' lang='lat' dir='ltr'>dr</span> 
     </span>
     <span class='ocr_line' id='line_1_18' title="bbox 96 2254 1163 2353; baseline -0.002 -22"><span class='ocrx_word' id='word_1_126' title='bbox 96 2277 178 2331; x_wconf 88' lang='lat' dir='ltr'>non</span> <span class='ocrx_word' id='word_1_127' title='bbox 193 2258 351 2353; x_wconf 76' lang='lat' dir='ltr'>uirgines</span> <span class='ocrx_word' id='word_1_128' title='bbox 370 2257 539 2352; x_wconf 90' lang='lat' dir='ltr'>constet,</span> <span class='ocrx_word' id='word_1_129' title='bbox 571 2258 655 2333; x_wconf 88' lang='lat' dir='ltr'>dum</span> <span class='ocrx_word' id='word_1_130' title='bbox 675 2258 807 2351; x_wconf 67' lang='lat' dir='ltr'>eadem</span> <span class='ocrx_word' id='word_1_131' title='bbox 828 2257 1013 2331; x_wconf 77' lang='lat' dir='ltr'>velaminis</span> <span class='ocrx_word' id='word_1_132' title='bbox 1033 2254 1163 2329; x_wconf 79' lang='lat' dir='ltr'>cauilae</span> 
     </span>
     <span class='ocr_line' id='line_1_19' title="bbox 96 2355 1160 2451; baseline -0.002 -22"><span class='ocrx_word' id='word_1_133' title='bbox 96 2355 137 2429; x_wconf 87' lang='lat' dir='ltr'>in</span> <span class='ocrx_word' id='word_1_134' title='bbox 153 2368 423 2451; x_wconf 77' lang='lat' dir='ltr'>uusqueparte</span> <span class='ocrx_word' id='word_1_135' title='bbox 436 2356 762 2451; x_wconf 82' lang='lat' dir='ltr'>deprehenduntur.</span> <span class='ocrx_word' id='word_1_136' title='bbox 814 2356 851 2430; x_wconf 85' lang='lat' dir='ltr'>si</span> <span class='ocrx_word' id='word_1_137' title='bbox 863 2372 971 2450; x_wconf 79' lang='lat' dir='ltr'>caput</span> <span class='ocrx_word' id='word_1_138' title='bbox 984 2356 1160 2451; x_wconf 82' lang='lat' dir='ltr'>mulieris,</span> 
     </span>
     <span class='ocr_line' id='line_1_20' title="bbox 97 2452 1163 2554; baseline -0.001 -26"><span class='ocrx_word' id='word_1_139' title='bbox 97 2456 158 2528; x_wconf 80' lang='lat' dir='ltr'>vir</span> <span class='ocrx_word' id='word_1_140' title='bbox 178 2452 254 2529; x_wconf 84' lang='lat' dir='ltr'>est:</span> <span class='ocrx_word' id='word_1_141' title='bbox 283 2455 411 2547; x_wconf 83' lang='lat' dir='ltr'>ntique</span> <span class='ocrx_word' id='word_1_142' title='bbox 430 2456 466 2531; x_wconf 81' lang='lat' dir='ltr'>dr</span> <span class='ocrx_word' id='word_1_143' title='bbox 486 2456 657 2554; x_wconf 78' lang='lat' dir='ltr'>virginis,</span> <span class='ocrx_word' id='word_1_144' title='bbox 691 2457 738 2531; x_wconf 92' lang='lat' dir='ltr'>de</span> <span class='ocrx_word' id='word_1_145' title='bbox 754 2477 823 2550; x_wconf 87' lang='lat' dir='ltr'>qua</span> <span class='ocrx_word' id='word_1_146' title='bbox 842 2454 886 2529; x_wconf 86' lang='lat' dir='ltr'>lit</span> <span class='ocrx_word' id='word_1_147' title='bbox 903 2458 1051 2547; x_wconf 86' lang='lat' dir='ltr'>mulier,</span> <span class='ocrx_word' id='word_1_148' title='bbox 1082 2456 1163 2547; x_wconf 84' lang='lat' dir='ltr'>illa,</span> 
     </span>
     <span class='ocr_line' id='line_1_21' title="bbox 99 2552 1163 2655; baseline -0.001 -28"><span class='ocrx_word' id='word_1_149' title='bbox 99 2552 326 2649; x_wconf 76' lang='lat' dir='ltr'>qrraenuplit:</span> <span class='ocrx_word' id='word_1_150' title='bbox 347 2554 448 2631; x_wconf 87' lang='lat' dir='ltr'>niliii</span> <span class='ocrx_word' id='word_1_151' title='bbox 461 2558 567 2655; x_wconf 79' lang='lat' dir='ltr'>virgo</span> <span class='ocrx_word' id='word_1_152' title='bbox 578 2557 725 2631; x_wconf 82' lang='lat' dir='ltr'>tertium</span> <span class='ocrx_word' id='word_1_153' title='bbox 738 2578 851 2655; x_wconf 86' lang='lat' dir='ltr'>genus</span> <span class='ocrx_word' id='word_1_154' title='bbox 865 2555 938 2651; x_wconf 88' lang='lat' dir='ltr'>est,</span> <span class='ocrx_word' id='word_1_155' title='bbox 958 2553 1163 2629; x_wconf 86' lang='lat' dir='ltr'>monstruo-</span> 
     </span>
     <span class='ocr_line' id='line_1_22' title="bbox 98 2650 1164 2753; baseline -0.004 -23"><span class='ocrx_word' id='word_1_156' title='bbox 98 2650 177 2730; x_wconf 58' lang='grc' dir='ltr'>ἥλω</span> <span class='ocrx_word' id='word_1_157' title='bbox 191 2652 338 2747; x_wconf 75' lang='lat' dir='ltr'>aliquod</span> <span class='ocrx_word' id='word_1_158' title='bbox 356 2652 408 2729; x_wconf 81' lang='lat' dir='ltr'>sui</span> <span class='ocrx_word' id='word_1_159' title='bbox 427 2657 565 2751; x_wconf 79' lang='lat' dir='ltr'>capitis,</span> <span class='ocrx_word' id='word_1_160' title='bbox 622 2654 660 2731; x_wconf 84' lang='lat' dir='ltr'>Sl</span> <span class='ocrx_word' id='word_1_161' title='bbox 680 2659 811 2729; x_wconf 76' lang='lat' dir='ltr'>mulieri</span> <span class='ocrx_word' id='word_1_162' title='bbox 830 2674 924 2753; x_wconf 78' lang='lat' dir='ltr'>turpe</span> <span class='ocrx_word' id='word_1_163' title='bbox 944 2658 985 2741; x_wconf 80' lang='lat' dir='ltr'>eli</span> <span class='ocrx_word' id='word_1_164' title='bbox 1007 2656 1076 2726; x_wconf 79' lang='lat' dir='ltr'>radi</span> <span class='ocrx_word' id='word_1_165' title='bbox 1087 2655 1164 2751; x_wconf 75' lang='lat' dir='ltr'>five</span> 
     </span>
     <span class='ocr_line' id='line_1_23' title="bbox 98 2753 1164 2854; baseline 0.002 -27"><span class='ocrx_word' id='word_1_166' title='bbox 98 2755 251 2840; x_wconf 73' lang='lat' dir='ltr'>mirri,</span> <span class='ocrx_word' id='word_1_167' title='bbox 273 2753 400 2847; x_wconf 87' lang='lat' dir='ltr'>utique</span> <span class='ocrx_word' id='word_1_168' title='bbox 420 2756 456 2830; x_wconf 74' lang='grc' dir='ltr'>ἀ</span> <span class='ocrx_word' id='word_1_169' title='bbox 475 2756 618 2854; x_wconf 84' lang='lat' dir='ltr'>virgini.</span> <span class='ocrx_word' id='word_1_170' title='bbox 672 2756 831 2832; x_wconf 90' lang='lat' dir='ltr'>Proinde</span> <span class='ocrx_word' id='word_1_171' title='bbox 853 2755 984 2831; x_wconf 84' lang='lat' dir='ltr'>viderit</span> <span class='ocrx_word' id='word_1_172' title='bbox 1005 2753 1164 2829; x_wconf 86' lang='lat' dir='ltr'>seculum</span> 
     </span>
     <span class='ocr_line' id='line_1_24' title="bbox 100 2850 1164 2951; baseline -0.002 -22"><span class='ocrx_word' id='word_1_173' title='bbox 100 2852 266 2929; x_wconf 70' lang='lat' dir='ltr'>smmum</span> <span class='ocrx_word' id='word_1_174' title='bbox 287 2850 389 2947; x_wconf 86' lang='lat' dir='ltr'>Dei,</span> <span class='ocrx_word' id='word_1_175' title='bbox 421 2854 447 2928; x_wconf 78' lang='lat' dir='ltr'>ss</span> <span class='ocrx_word' id='word_1_176' title='bbox 471 2857 523 2929; x_wconf 88' lang='lat' dir='ltr'>ita</span> <span class='ocrx_word' id='word_1_177' title='bbox 543 2856 673 2951; x_wconf 86' lang='lat' dir='ltr'>virgini</span> <span class='ocrx_word' id='word_1_178' title='bbox 693 2856 818 2931; x_wconf 80' lang='lat' dir='ltr'>casum</span> <span class='ocrx_word' id='word_1_179' title='bbox 846 2857 1010 2949; x_wconf 87' lang='lat' dir='ltr'>capillum</span> <span class='ocrx_word' id='word_1_180' title='bbox 1035 2853 1164 2927; x_wconf 89' lang='lat' dir='ltr'>decori</span> 
     </span>
     <span class='ocr_line' id='line_1_25' title="bbox 101 2950 1165 3049; baseline 0 -22"><span class='ocrx_word' id='word_1_181' title='bbox 101 2950 276 3027; x_wconf 84' lang='lat' dir='ltr'>mentitur</span> <span class='ocrx_word' id='word_1_182' title='bbox 288 2952 588 3041; x_wconf 86' lang='lat' dir='ltr'>quemadmodum</span> <span class='ocrx_word' id='word_1_183' title='bbox 608 2954 643 3027; x_wconf 84' lang='lat' dir='ltr'>dr</span> <span class='ocrx_word' id='word_1_184' title='bbox 662 2975 778 3049; x_wconf 88' lang='lat' dir='ltr'>puero</span> <span class='ocrx_word' id='word_1_185' title='bbox 798 2953 1009 3047; x_wconf 86' lang='lat' dir='ltr'>permissum.</span> <span class='ocrx_word' id='word_1_186' title='bbox 1059 2952 1165 3049; x_wconf 85' lang='lat' dir='ltr'>Ergo</span> 
     </span>
     <span class='ocr_line' id='line_1_26' title="bbox 101 3050 1168 3147; baseline 0.004 -24"><span class='ocrx_word' id='word_1_187' title='bbox 101 3050 163 3123; x_wconf 79' lang='lat' dir='ltr'>cni</span> <span class='ocrx_word' id='word_1_188' title='bbox 181 3068 283 3139; x_wconf 84' lang='lat' dir='ltr'>aeque</span> <span class='ocrx_word' id='word_1_189' title='bbox 298 3070 377 3124; x_wconf 90' lang='lat' dir='ltr'>non</span> <span class='ocrx_word' id='word_1_190' title='bbox 395 3054 573 3125; x_wconf 89' lang='lat' dir='ltr'>convenit</span> <span class='ocrx_word' id='word_1_191' title='bbox 587 3052 663 3126; x_wconf 89' lang='lat' dir='ltr'>radi</span> <span class='ocrx_word' id='word_1_192' title='bbox 677 3055 752 3129; x_wconf 83' lang='lat' dir='ltr'>five</span> <span class='ocrx_word' id='word_1_193' title='bbox 767 3054 933 3147; x_wconf 88' lang='lat' dir='ltr'>tonderi,</span> <span class='ocrx_word' id='word_1_194' title='bbox 960 3074 1060 3145; x_wconf 77' lang='lat' dir='ltr'>seque</span> <span class='ocrx_word' id='word_1_195' title='bbox 1075 3074 1168 3127; x_wconf 89' lang='lat' dir='ltr'>con-</span> 
     </span>
     <span class='ocr_line' id='line_1_27' title="bbox 101 3146 1166 3249; baseline 0.005 -29"><span class='ocrx_word' id='word_1_196' title='bbox 101 3146 209 3221; x_wconf 78' lang='lat' dir='ltr'>venit</span> <span class='ocrx_word' id='word_1_197' title='bbox 222 3148 369 3239; x_wconf 87' lang='lat' dir='ltr'>operiri.</span> <span class='ocrx_word' id='word_1_198' title='bbox 417 3148 456 3224; x_wconf 83' lang='lat' dir='ltr'>si</span> <span class='ocrx_word' id='word_1_199' title='bbox 469 3152 573 3246; x_wconf 79' lang='lat' dir='ltr'>gloria</span> <span class='ocrx_word' id='word_1_200' title='bbox 590 3156 662 3223; x_wconf 83' lang='lat' dir='ltr'>oiri</span> <span class='ocrx_word' id='word_1_201' title='bbox 679 3154 721 3249; x_wconf 72' lang='lat' dir='ltr'>esi</span> <span class='ocrx_word' id='word_1_202' title='bbox 742 3156 878 3242; x_wconf 77' lang='lat' dir='ltr'>mulier,</span> <span class='ocrx_word' id='word_1_203' title='bbox 903 3154 1166 3249; x_wconf 77' lang='lat' dir='ltr'>quantomagis</span> 
     </span>
     <span class='ocr_line' id='line_1_28' title="bbox 102 3247 1168 3347; baseline 0.001 -24"><span class='ocrx_word' id='word_1_204' title='bbox 102 3247 227 3343; x_wconf 74' lang='lat' dir='ltr'>virgo,</span> <span class='ocrx_word' id='word_1_205' title='bbox 241 3264 320 3337; x_wconf 82' lang='lat' dir='ltr'>quae</span> <span class='ocrx_word' id='word_1_206' title='bbox 336 3247 369 3320; x_wconf 81' lang='lat' dir='ltr'>dt</span> <span class='ocrx_word' id='word_1_207' title='bbox 383 3249 498 3345; x_wconf 77' lang='lat' dir='ltr'>gloria</span> <span class='ocrx_word' id='word_1_208' title='bbox 506 3250 569 3325; x_wconf 84' lang='lat' dir='ltr'>slbi</span> <span class='ocrx_word' id='word_1_209' title='bbox 579 3250 654 3327; x_wconf 74' lang='lat' dir='ltr'>esti</span> <span class='ocrx_word' id='word_1_210' title='bbox 673 3253 709 3327; x_wconf 85' lang='lat' dir='ltr'>Si</span> <span class='ocrx_word' id='word_1_211' title='bbox 719 3258 831 3327; x_wconf 71' lang='lat' dir='ltr'>mulier</span> <span class='ocrx_word' id='word_1_212' title='bbox 843 3281 882 3325; x_wconf 87' lang='lat' dir='ltr'>ex</span> <span class='ocrx_word' id='word_1_213' title='bbox 896 3262 969 3325; x_wconf 84' lang='lat' dir='ltr'>viro</span> <span class='ocrx_word' id='word_1_214' title='bbox 983 3251 1023 3330; x_wconf 75' lang='lat'>(5</span> <span class='ocrx_word' id='word_1_215' title='bbox 1034 3272 1168 3347; x_wconf 77' lang='lat' dir='ltr'>prepter</span> 
     </span>
     <span class='ocr_line' id='line_1_29' title="bbox 102 3343 1169 3452; baseline 0.007 -35"><span class='ocrx_word' id='word_1_216' title='bbox 102 3350 237 3431; x_wconf 63' lang='lat' dir='ltr'>m,</span> <span class='ocrx_word' id='word_1_217' title='bbox 260 3343 433 3421; x_wconf 84' lang='lat' dir='ltr'>costailla</span> <span class='ocrx_word' id='word_1_218' title='bbox 447 3347 558 3443; x_wconf 84' lang='lat' dir='ltr'>Adae,</span> <span class='ocrx_word' id='word_1_219' title='bbox 579 3352 685 3449; x_wconf 85' lang='lat' dir='ltr'>virgo</span> <span class='ocrx_word' id='word_1_220' title='bbox 701 3356 852 3452; x_wconf 89' lang='lat' dir='ltr'>primum</span> <span class='ocrx_word' id='word_1_221' title='bbox 866 3354 946 3430; x_wconf 88' lang='lat' dir='ltr'>fuit.</span> <span class='ocrx_word' id='word_1_222' title='bbox 998 3354 1035 3427; x_wconf 85' lang='lat' dir='ltr'>si</span> <span class='ocrx_word' id='word_1_223' title='bbox 1049 3354 1169 3424; x_wconf 82' lang='lat' dir='ltr'>mulier</span> 
     </span>
     <span class='ocr_line' id='line_1_30' title="bbox 99 3444 1166 3548; baseline 0.007 -31"><span class='ocrx_word' id='word_1_224' title='bbox 99 3444 282 3545; x_wconf 63' lang='lat' dir='ltr'>pocularem</span> <span class='ocrx_word' id='word_1_225' title='bbox 297 3446 513 3546; x_wconf 74' lang='lat' dir='ltr'>iaierefiper</span> <span class='ocrx_word' id='word_1_226' title='bbox 526 3470 623 3548; x_wconf 80' lang='lat' dir='ltr'>caput</span> <span class='ocrx_word' id='word_1_227' title='bbox 636 3454 740 3527; x_wconf 81' lang='lat' dir='ltr'>delet:</span> <span class='ocrx_word' id='word_1_228' title='bbox 765 3458 826 3528; x_wconf 92' lang='lat' dir='ltr'>vel</span> <span class='ocrx_word' id='word_1_229' title='bbox 839 3476 885 3528; x_wconf 91' lang='lat' dir='ltr'>eo</span> <span class='ocrx_word' id='word_1_230' title='bbox 899 3453 1024 3546; x_wconf 82' lang='lat' dir='ltr'>justius</span> <span class='ocrx_word' id='word_1_231' title='bbox 1040 3452 1166 3547; x_wconf 85' lang='lat' dir='ltr'>virg0,</span> 
     </span>
     <span class='ocr_line' id='line_1_31' title="bbox 103 3540 1171 3646; baseline 0.006 -27"><span class='ocrx_word' id='word_1_232' title='bbox 103 3540 269 3635; x_wconf 88' lang='lat' dir='ltr'>adquam</span> <span class='ocrx_word' id='word_1_233' title='bbox 281 3547 457 3641; x_wconf 88' lang='lat' dir='ltr'>pertinet,</span> <span class='ocrx_word' id='word_1_234' title='bbox 478 3550 577 3642; x_wconf 90' lang='lat' dir='ltr'>quod</span> <span class='ocrx_word' id='word_1_235' title='bbox 588 3552 626 3625; x_wconf 91' lang='lat' dir='ltr'>in</span> <span class='ocrx_word' id='word_1_236' title='bbox 643 3552 757 3629; x_wconf 86' lang='lat' dir='ltr'>caussa</span> <span class='ocrx_word' id='word_1_237' title='bbox 769 3553 830 3627; x_wconf 90' lang='lat' dir='ltr'>est.</span> <span class='ocrx_word' id='word_1_238' title='bbox 879 3553 913 3626; x_wconf 89' lang='lat' dir='ltr'>Si</span> <span class='ocrx_word' id='word_1_239' title='bbox 933 3554 1027 3626; x_wconf 90' lang='lat' dir='ltr'>enim</span> <span class='ocrx_word' id='word_1_240' title='bbox 1039 3571 1171 3646; x_wconf 76' lang='lat' dir='ltr'>propter</span> 
     </span>
     <span class='ocr_line' id='line_1_32' title="bbox 102 3639 1167 3747; baseline 0.014 -37"><span class='ocrx_word' id='word_1_241' title='bbox 102 3642 247 3737; x_wconf 64' lang='lat' dir='ltr'>qens,</span> <span class='ocrx_word' id='word_1_242' title='bbox 263 3639 399 3719; x_wconf 91' lang='lat' dir='ltr'>scilicet</span> <span class='ocrx_word' id='word_1_243' title='bbox 413 3666 505 3737; x_wconf 90' lang='lat' dir='ltr'>quos</span> <span class='ocrx_word' id='word_1_244' title='bbox 517 3650 667 3747; x_wconf 84' lang='lat' dir='ltr'>legimus</span> <span class='ocrx_word' id='word_1_245' title='bbox 686 3674 707 3725; x_wconf 94' lang='lat' dir='ltr'>a</span> <span class='ocrx_word' id='word_1_246' title='bbox 721 3653 807 3726; x_wconf 92' lang='lat' dir='ltr'>Deo</span> <span class='ocrx_word' id='word_1_247' title='bbox 823 3652 859 3726; x_wconf 82' lang='lat' dir='ltr'>dc</span> <span class='ocrx_word' id='word_1_248' title='bbox 874 3655 966 3725; x_wconf 90' lang='lat' dir='ltr'>coelo</span> <span class='ocrx_word' id='word_1_249' title='bbox 982 3650 1167 3746; x_wconf 82' lang='lat' dir='ltr'>excidisse,</span> 
     </span>
     <span class='ocr_line' id='line_1_33' title="bbox 104 3740 1171 3847; baseline 0.008 -32"><span class='ocrx_word' id='word_1_250' title='bbox 104 3741 158 3815; x_wconf 91' lang='lat' dir='ltr'>ob</span> <span class='ocrx_word' id='word_1_251' title='bbox 170 3740 497 3835; x_wconf 88' lang='lat' dir='ltr'>concupiscentiam</span> <span class='ocrx_word' id='word_1_252' title='bbox 512 3748 757 3825; x_wconf 86' lang='lat' dir='ltr'>foeminarum:</span> <span class='ocrx_word' id='word_1_253' title='bbox 782 3753 860 3846; x_wconf 89' lang='lat' dir='ltr'>quis</span> <span class='ocrx_word' id='word_1_254' title='bbox 874 3751 1083 3847; x_wconf 75' lang='lat' dir='ltr'>presumere</span> <span class='ocrx_word' id='word_1_255' title='bbox 1100 3774 1171 3844; x_wconf 94' lang='lat' dir='ltr'>po·</span> 
     </span>
     <span class='ocr_line' id='line_1_34' title="bbox 103 3834 1172 3945; baseline 0.011 -32"><span class='ocrx_word' id='word_1_256' title='bbox 103 3834 199 3930; x_wconf 86' lang='lat' dir='ltr'>test,</span> <span class='ocrx_word' id='word_1_257' title='bbox 226 3844 347 3931; x_wconf 85' lang='lat' dir='ltr'>quales</span> <span class='ocrx_word' id='word_1_258' title='bbox 365 3847 536 3941; x_wconf 79' lang='lat' dir='ltr'>angelos,</span> <span class='ocrx_word' id='word_1_259' title='bbox 561 3853 737 3923; x_wconf 86' lang='lat' dir='ltr'>maculata</span> <span class='ocrx_word' id='word_1_260' title='bbox 752 3852 823 3943; x_wconf 88' lang='lat' dir='ltr'>jam</span> <span class='ocrx_word' id='word_1_261' title='bbox 844 3872 1023 3945; x_wconf 88' lang='lat' dir='ltr'>corpora,</span> <span class='ocrx_word' id='word_1_262' title='bbox 1051 3850 1172 3925; x_wconf 88' lang='lat' dir='ltr'>&amp;hu-</span> 
     </span>
     <span class='ocr_line' id='line_1_35' title="bbox 103 3940 1174 4052; baseline 0.007 -38"><span class='ocrx_word' id='word_1_263' title='bbox 103 3958 217 4014; x_wconf 78' lang='lat' dir='ltr'>mane</span> <span class='ocrx_word' id='word_1_264' title='bbox 232 3940 388 4052; x_wconf 64' lang='lat' dir='ltr'>liuidinis</span> <span class='ocrx_word' id='word_1_265' title='bbox 403 3945 568 4037; x_wconf 86' lang='lat' dir='ltr'>reliquias</span> <span class='ocrx_word' id='word_1_266' title='bbox 587 3946 815 4043; x_wconf 73' lang='lat' dir='ltr'>desiderasse,</span> <span class='ocrx_word' id='word_1_267' title='bbox 841 3965 883 4024; x_wconf 89' lang='lat' dir='ltr'>ut</span> <span class='ocrx_word' id='word_1_268' title='bbox 903 3972 978 4023; x_wconf 92' lang='lat' dir='ltr'>non</span> <span class='ocrx_word' id='word_1_269' title='bbox 999 3950 1043 4023; x_wconf 88' lang='lat' dir='ltr'>ad</span> <span class='ocrx_word' id='word_1_270' title='bbox 1061 3950 1174 4047; x_wconf 85' lang='lat' dir='ltr'>virgi-</span> 
     </span>
     <span class='ocr_line' id='line_1_36' title="bbox 104 4043 1173 4141; baseline 0.017 -30"><span class='ocrx_word' id='word_1_271' title='bbox 104 4057 171 4111; x_wconf 86' lang='lat' dir='ltr'>nes</span> <span class='ocrx_word' id='word_1_272' title='bbox 190 4049 313 4132; x_wconf 77' lang='lat' dir='ltr'>potrus</span> <span class='ocrx_word' id='word_1_273' title='bbox 335 4043 557 4139; x_wconf 80' lang='lat' dir='ltr'>exarserint,</span> <span class='ocrx_word' id='word_1_274' title='bbox 583 4068 731 4141; x_wconf 89' lang='lat' dir='ltr'>quarum</span> <span class='ocrx_word' id='word_1_275' title='bbox 755 4049 824 4123; x_wconf 86' lang='lat' dir='ltr'>flos</span> <span class='ocrx_word' id='word_1_276' title='bbox 851 4051 957 4123; x_wconf 83' lang='lat' dir='ltr'>etiam</span> <span class='ocrx_word' id='word_1_277' title='bbox 977 4050 1173 4129; x_wconf 82' lang='lat' dir='ltr'>humanam</span> 
     </span>
     <span class='ocr_line' id='line_1_37' title="bbox 104 4134 1174 4348; baseline 0.013 -135"><span class='ocrx_word' id='word_1_278' title='bbox 104 4134 289 4215; x_wconf 86' lang='lat' dir='ltr'>libidinem</span> <span class='ocrx_word' id='word_1_279' title='bbox 300 4140 457 4219; x_wconf 72' lang='lat' dir='ltr'>musac</span> <span class='ocrx_word' id='word_1_280' title='bbox 505 4144 604 4225; x_wconf 86' lang='lat' dir='ltr'>Nam</span> <span class='ocrx_word' id='word_1_281' title='bbox 617 4146 835 4246; x_wconf 86' lang='lat' dir='ltr'>&amp;scriptura</span> <span class='ocrx_word' id='word_1_282' title='bbox 848 4150 897 4227; x_wconf 86' lang='lat' dir='ltr'>lic</span> <span class='ocrx_word' id='word_1_283' title='bbox 914 4146 1090 4348; x_wconf 45' lang='lat' dir='ltr'>suggfeargilt,</span> <span class='ocrx_word' id='word_1_284' title='bbox 1119 4154 1174 4227; x_wconf 86' lang='lat' dir='ltr'>Er</span> 
     </span>
    </p>

    <p class='ocr_par' dir='ltr' id='par_1_4' title="bbox 1064 4276 1119 4325">
     <span class='ocr_line' id='line_1_38' title="bbox 1064 4276 1119 4325; baseline 0 0"><span class='ocrx_word' id='word_1_285' title='bbox 1064 4276 1119 4325; x_wconf 76' lang='lat' dir='ltr'>em</span> 
     </span>
    </p>
   </div>
   <div class='ocr_carea' id='block_1_3' title="bbox 0 0 1225 4590">
    <p class='ocr_par' dir='ltr' id='par_1_5' title="bbox 0 0 1225 4590">
     <span class='ocr_line' id='line_1_39' title="bbox 0 0 1225 4590; baseline 0 0"><span class='ocrx_word' id='word_1_286' title='bbox 0 0 1225 4590; x_wconf 95' lang='lat' dir='ltr'> </span> 
     </span>
    </p>
   </div>
  </div>
 </body>
</html>
