2400 4590
96 569 167 667 p'rl
226 568 276 670 Q.
301 538 438 644 sarr.
462 566 605 643 Fron.
629 562 1017 647 Tanauaaraut

97 728 202 805 Talia
219 728 398 825 florigeris
412 748 594 819 nunquam
621 724 817 801 nascuntur
834 730 876 803 in
900 731 1024 807 hortis
1060 739 1065 750 ’

97 830 214 916 Lilia,
240 850 310 901 nec
328 826 458 901 nostris
475 826 643 901 efflorent
659 830 742 899 talia
758 848 934 923 campis,

99 928 184 1003 Nec
198 927 246 1001 src
262 942 346 1000 nata
364 928 492 1019 rubet,
517 948 604 999 mox
623 942 664 997 ut
683 924 762 999 rosa
782 931 967 1022 panditur
991 954 1095 1019 aura,

101 1026 261 1121 Purpura
274 1045 347 1097 nec
366 1028 463 1117 tyrio
480 1027 527 1099 fic
548 1026 600 1099 est
615 1024 762 1099 intintla
784 1030 943 1107 rubore.

103 1126 257 1200 Gemma
271 1128 445 1197 coloratu
469 1124 582 1221 fulget
604 1124 762 1219 speciosa
784 1128 954 1223 lapillis3

102 1226 194 1301 lnde
208 1228 302 1299 nitet
317 1223 492 1318 palinus,
518 1226 618 1297 illinc
633 1226 880 1299 carbunculus
900 1230 1034 1327 ardet,

104 1322 341 1415 Herbosaque
362 1326 457 1397 viret
473 1324 685 1421 pregrandis
700 1325 783 1397 luce
804 1322 1046 1429 smagardus,

102 1424 175 1499 Hic
190 1422 223 1495 δι
239 1422 430 1497 odoriferis
455 1420 648 1497 nascuntur
669 1444 850 1515 cynnama
866 1430 1011 1528 virgis,

101 1520 153 1595 Et
166 1522 269 1617 spillo
285 1525 406 1597 letum
425 1521 519 1596 folio
546 1522 745 1619 conflagrat
765 1542 977 1605 amomum.

103 1622 176 1697 Hic
188 1622 286 1714 jacet
303 1624 502 1718 ingenitum
520 1621 688 1695 radiantis
702 1622 849 1695 luminis
870 1646 1036 1726 aurum,

104 1719 155 1794 Et
169 1740 320 1797 nemora
342 1723 413 1794 alta
432 1734 561 1795 tenent
581 1718 728 1793 florenti
751 1734 931 1815 tempore
950 1734 1102 1829 citium,

105 1822 362 1913 viventesque
379 1833 530 1919 gravant
548 1824 725 1895 uberrima
740 1822 907 1917 germina
926 1850 1066 1907 ramos.

103 1919 269 1994 Porrexit
284 1922 410 1993 similes
424 1941 502 1995 non
520 1920 590 1993 illis
609 1918 708 1994 lndia
724 1921 857 2009 lucos,
938 1961 946 1974 ·

103 2020 196 2095 Non
213 2022 263 2093 ita
282 2016 389 2093 densa
404 2021 504 2093 levat
520 2020 559 2094 in
578 2033 704 2095 monte
721 2024 918 2097 cacumina
940 2030 1074 2121 pinus,

104 2118 189 2194 Nec
205 2118 251 2191 llc
268 2122 437 2193 alticoma
451 2118 503 2191 est
518 2120 643 2191 umbra
662 2116 813 2211 crispata
830 2126 1054 2217 cuprcllus:

105 2219 190 2292 Nec
204 2238 336 2289 vernus
352 2220 478 2293 melius
492 2216 603 2289 floret
620 2239 701 2291 cum
716 2231 887 2315 tempore
905 2246 1048 2307 ramus.

105 2318 177 2391 Hic
195 2318 329 2407 abjetes
347 2314 442 2388 celso
460 2314 597 2388 florent
612 2320 648 2389 in
669 2320 810 2391 vertice
827 2324 972 2418 nigra,

107 2414 381 2507 Aeternumque
397 2418 519 2488 virent
534 2412 617 2489 solae
635 2418 706 2489 sine
722 2416 900 2512 grandine
920 2426 1051 2517 sylvae.

105 2516 218 2589 Nulla
237 2514 371 2588 cadunt
386 2516 498 2609 folla,
525 2516 559 2587 br
582 2518 684 2589 nullo
705 2515 775 2589 flos
799 2531 984 2613 tempore
1009 2524 1105 2603 defit.

106 2614 194 2689 Flos
209 2636 356 2708 quoque
373 2614 482 2687 ssoret
504 2616 552 2689 ibi
567 2618 719 2692 rubens,
746 2636 813 2689 ceu
825 2638 1001 2715 purpura
1016 2628 1053 2701 T
1054 2630 1123 2701 arli:

107 2715 192 2789 Flos
208 2715 280 2807 hic,
292 2716 413 2792 credo,
423 2713 503 2788 rosa
516 2714 580 2806 est,
590 2718 702 2788 rubor
712 2728 818 2807 atque
829 2718 935 2792 odor
949 2732 1083 2816 acerin
1093 2724 1152 2823 ipsc,

107 2814 167 2887 Sic
186 2814 280 2887 foliis
299 2812 452 2907 speciem
468 2814 633 2908 prefert,
660 2815 707 2889 fic
725 2815 832 2909 spirat
850 2822 1033 2903 odorem.

107 2912 231 2985 Arbor
244 2910 312 2985 stat
327 2934 408 2986 cum
426 2912 518 2985 flore
538 2933 663 3007 novo,
689 2914 941 3008 pulcherrima
959 2934 1101 3023 pomis,

107 3010 317 3086 vitalem&
334 3011 471 3107 frugem
487 3010 606 3085 felicia
622 3016 756 3087 robora
772 3012 941 3093 densant.

107 3110 223 3187 Mella
240 3110 406 3183 viridanti
428 3112 660 3209 confragrant
675 3114 817 3207 pinguia
837 3134 986 3218 canna,

108 3212 184 3285 Lac
200 3210 305 3283 etism
326 3210 442 3302 plenis
459 3226 579 3284 manat
598 3214 760 3305 potabile
784 3217 897 3307 rivis,

110 3311 234 3385 Vitam
251 3310 375 3402 aspirat
390 3310 458 3402 ibi,
485 3312 655 3403 quidquid
674 3315 732 3407 pia
751 3326 845 3388 terra
867 3318 1048 3413 virescit3

110 3404 161 3481 Et
184 3411 332 3502 pulchre
346 3410 490 3483 redolet
506 3431 635 3485 munus
650 3414 863 3487 medicabile
880 3414 1024 3499 Crete.

110 3506 211 3581 Fons
229 3510 303 3580 illic
322 3510 471 3601 placidis
492 3513 565 3583 leni
584 3510 663 3583 fluit
682 3513 820 3609 agmine
837 3524 1005 3613 campis,

111 3609 298 3704 Quattuor
318 3607 402 3680 inde
421 3610 537 3705 rigant
550 3614 696 3703 partitas
713 3610 859 3686 flumina
875 3630 1023 3715 terras,

109 3707 190 3779 Ver
208 3722 299 3800 puto
318 3707 455 3802 semper
474 3712 545 3805 agit
564 3710 712 3785 vestitus
729 3710 880 3785 floribus
899 3716 1061 3819 hortus,

110 3805 203 3879 Non
218 3806 327 3903 frigus
343 3810 458 3880 variat
473 3810 613 3882 hiberni
630 3810 750 3885 sideris
765 3832 912 3907 auram,

110 3904 148 3979 N
152 3926 195 3976 ec
218 3921 323 3979 nutat
340 3906 457 3999 preffis
472 3908 605 3981 radiata
620 3912 800 3985 caloribus
817 3912 941 3989 restas:

112 4000 250 4078 Coelum
268 4008 349 4079 luce
363 4006 422 4080 sua
442 4008 619 4081 constanti
642 4025 822 4106 temperat
839 4034 998 4113 auram,

108 4100 158 4174 Et
171 4102 289 4178 reficit
305 4108 427 4181 foetam
442 4111 584 4181 meliori
600 4108 745 4185 flamine
761 4124 906 4189 terram.

108 4199 198 4279 Nox
212 4205 263 4279 lbi
285 4210 405 4300 nulla,
430 4206 725 4287 suar-defendunt
738 4207 827 4287 aftra
846 4218 1028 4293 tenebras
1044 4246 1064 4395 3¹

1067 4338 1118 4391 re·
1181 4339 1186 4360 ·
