2400 4590
116 582 164 655 4²
258 563 306 667 Q.
332 556 1018 639 Strr.Faon.Ttnrur.a1ax1

115 718 273 821 abpffirsr,
298 720 338 799 U
356 724 489 819 spiritur
507 724 573 795 Dei
587 722 686 813 pisper
706 740 803 817 aquas
820 720 994 813 herbam.
1041 718 1166 803 limes

115 823 229 897 homo
247 822 406 913 inprimis
423 833 563 896 etatem
583 823 745 895 venerari
766 842 954 915 squamam,
989 820 1088 914 quod
1106 818 1167 895 an'·

115 922 214 1014 tiqua
233 920 440 1011 substantia3
474 921 603 997 debinc
631 920 898 1017 dignationem,
929 922 1028 1015 quod
1051 919 1166 997 diuini

115 1021 255 1115 spiritus
271 1020 390 1111 sedes,
415 1024 550 1117 gratior
567 1020 700 1095 scilieet
713 1021 840 1094 ceteris
861 1036 948 1095 tunc
966 1022 1165 1098 elementis.

113 1120 155 1195 N
155 1142 209 1195 am
226 1119 432 1194 &tenebrae
450 1134 539 1193 tote
555 1122 669 1195 adhuc
684 1120 755 1195 stne
773 1121 872 1193 cultu
887 1120 1034 1197 siderum
1052 1119 1167 1192 infor·

113 1242 212 1312 ntes,
239 1218 398 1295 &tristis
418 1218 576 1314 abyssus,
603 1220 750 1295 &terta
767 1220 959 1311 imparata,
985 1220 1165 1295 &coelum

113 1320 227 1392 rude:
248 1316 352 1393 solus
373 1320 512 1411 liquor,
545 1317 680 1413 semper
699 1320 843 1395 materia
859 1318 1037 1413 perseda,
1068 1318 1164 1411 tata,

113 1418 277 1511 simplex,
304 1419 349 1491 de
365 1416 428 1491 suo
449 1440 556 1513 pura,
583 1418 724 1511 dignum
746 1416 968 1495 vectaculum
985 1418 1067 1491 Deo
1087 1416 1167 1509 sujia

114 1518 244 1595 ciebat
296 1518 394 1615 Quid
413 1517 510 1608 quod
531 1518 661 1593 exinde
674 1516 854 1608 dispositio
870 1516 991 1593 mundi
1006 1516 1165 1591 modula·

114 1618 263 1689 tricibus
285 1617 551 1709 quodammodo
571 1620 668 1707 aquo
690 1618 773 1691 Deo
791 1614 961 1693 constitit
987 1614 1107 1691 'Nam
1121 1628 1166 1693 ut

113 1714 373 1789 firmamentum
401 1716 540 1791 coeleste
561 1714 807 1813 suspenderet,
836 1718 874 1791 iu
898 1715 1090 1793 medietate
1114 1714 1166 1790 di.

113 1814 243 1888 stinttis
265 1817 362 1907 aquis
379 1814 494 1909 fecit,
521 1814 555 1889 dt
572 1831 615 1891 ut
632 1832 762 1891 terram
780 1816 910 1891 aridam
926 1814 1164 1911 suspenderet,

113 1913 301 2011 segregatis
319 1915 416 2003 aquis
438 1916 608 2010 expediit.
664 1914 843 1989 Ordinato
863 1916 993 1989 debinc
1009 1934 1075 2007 per
1094 1916 1165 1989 elev

113 2029 235 2089 menta
248 2012 383 2087 mundo
399 2034 480 2089 cum
492 2016 620 2089 incolae
634 2016 821 2108 darentur,
835 2017 955 2107 primis
968 2012 1066 2106 aquis
1078 2032 1166 2108 pre·

114 2126 259 2205 ceptum
276 2112 327 2185 est
339 2116 469 2188 animas
489 2114 665 2211 proferre.
716 2114 850 2189 Primus
863 2114 982 2207 liquor
997 2112 1095 2205 quod
1110 2111 1180 2187 vis.

112 2227 220 2285 veret
241 2212 373 2305 edidit,
395 2234 443 2287 ne
461 2214 589 2289 mirum
602 2216 645 2289 srt
665 2215 703 2289 in
720 2212 913 2305 baptiiino,
938 2213 1078 2303 sisque
1092 2210 1167 2291 anis·
1187 2296 1191 2301 ,

111 2331 209 2388 mare
230 2326 425 2387 noverunt
480 2312 575 2387 Nam
598 2313 702 2405 ipsrus
730 2334 876 2403 natoque
899 2313 1053 2389 bominis
1077 2306 1166 2407 sigu-

111 2411 212 2483 randi
229 2432 321 2505 opus
335 2410 550 2488 sociantibus
566 2412 664 2505 aquis
681 2409 880 2487 absolutum
896 2410 956 2489 est,
996 2410 1053 2483 De
1067 2421 1168 2491 terra

111 2511 261 2585 materia
273 2512 467 2605 convenit,
493 2532 569 2587 non
589 2526 708 2587 tamen
726 2512 852 2586 habilis
871 2510 933 2587 nisr
953 2506 1115 2585 tumetra
1130 2508 1169 2585 ds

112 2606 275 2704 succida,
301 2632 406 2704 quarn
426 2611 560 2685 scilicet
576 2625 659 2685 ante
681 2624 844 2705 quartum
863 2610 954 2686 diem
977 2607 1169 2705 segregatae

112 2728 212 2801 aqua
229 2712 267 2785 iu
283 2710 472 2787 stationem
490 2708 585 2785 nram
602 2707 786 2803 superstite
802 2710 952 2787 humore
973 2708 1059 2781 limo
1075 2724 1168 2786 teuta

111 2826 288 2902 perurant.
344 2810 381 2883 Si
405 2810 535 2885 exinde
557 2809 722 2885 universa
748 2812 810 2886 uel
833 2812 935 2902 plura
955 2805 1166 2903 prosequar,

113 2929 191 2998 quae
207 2910 372 2981 elementi
385 2908 480 2981 istius
497 2908 709 2983 audoritate
722 2929 1020 2999 commemorem,
1033 2920 1168 3001 quanta

113 3006 169 3077 vis
185 3006 260 3097 ejus
277 3020 337 3079 aut
351 3006 482 3101 gratia,
503 3022 595 3097 quot
609 3008 769 3103 ingenia,
789 3008 888 3100 quod
902 3006 1038 3098 officia,
1056 3026 1168 3099 quarn

112 3116 189 3179 tum
212 3102 482 3181 instrumentum
509 3106 645 3181 mundo
671 3106 781 3181 serat:
817 3128 953 3181 vereor
973 3128 1020 3179 ne
1041 3104 1171 3193 laudea

113 3223 210 3294 aquae
229 3203 351 3299 potius
375 3224 478 3295 quam
498 3202 658 3297 baptismi
686 3207 843 3281 rationes
865 3207 990 3281 videar
1015 3224 1181 3300 congrer-

112 3301 215 3401 gasse.
274 3302 382 3379 Licet
399 3324 445 3378 eo
464 3304 602 3399 plenius
624 3305 794 3381 docerem
813 3326 890 3380 non
912 3302 981 3381 esse
1002 3304 1171 3381 dubium.

111 3404 216 3495 dum,
241 3401 267 3479 si
284 3402 484 3495 materiam,
511 3424 616 3495 quam
632 3405 668 3479 in
690 3407 857 3481 omnibus
872 3406 980 3479 rebus
995 3402 1029 3477 dt
1044 3404 1169 3502 opero

110 3502 178 3577 bus
200 3501 266 3578 suis
289 3502 389 3577 Deus
409 3500 601 3597 disposuit,
636 3504 742 3579 etiam
768 3508 805 3581 in
829 3502 1051 3579 sacramentis
1077 3522 1169 3602 prop

111 3603 195 3701 priis
221 3622 346 3697 parere
364 3602 473 3689 feeitr
502 3602 529 3679 st
548 3624 626 3697 quae
645 3605 757 3682 uitam
774 3618 952 3683 terrenam
971 3605 1168 3703 gubernet,

112 3702 147 3777 dt
165 3700 200 3775 in
219 3702 347 3779 caelesti
362 3716 543 3797 procurat.
1156 3774 1159 3779 .

185 3824 220 3892 4.
247 3802 313 3875 Sed
333 3826 375 3879 ea
388 3801 467 3875 satis
487 3800 555 3875 erit
572 3798 828 3897 precerpsisse,
851 3802 890 3877 in
910 3803 1036 3897 quibus
1057 3798 1094 3873 de
1108 3818 1169 3883 ref

113 3900 168 3975 tio
190 3900 348 3996 baptismi
367 3897 636 3996 recognoscitur
653 3903 768 3997 prima
786 3902 866 3993 illa,
895 3923 964 3993 qua
982 3902 1054 3995 J‘ant
1074 3912 1168 3981 tune
1195 3964 1198 3969 .

111 4003 217 4075 etiam
236 3997 312 4089 ipso
332 4002 456 4077 habitu
476 4003 743 4093 praenotabatur
764 4002 807 4077 ad
820 4000 981 4095 baptismi
999 3996 1167 4095 figuram,

110 4098 182 4175 Dei
211 4098 399 4195 spiritum,
434 4100 494 4194 qui
521 4100 565 4173 ab
591 4101 696 4174 initio
723 4098 1033 4199 supervectabatur
1059 4096 1166 4197 supet

111 4222 240 4299 aquas,
262 4200 489 4279 intiudterem
500 4214 733 4281 moraturum.
783 4200 948 4281 Sanctum
963 4198 1166 4277 autemuti·

1042 4318 1114 4397 que
1198 4315 1200 4320 '
