2400 4590
121 582 169 667 58
251 576 299 675 Q.
323 572 461 650 Sues.
484 572 628 649 stoa.
651 568 1018 649 Tarruttranr

132 734 1175 795 ot===·········-==t

170 872 173 877 '
238 860 287 959 Q.
327 852 640 947 SEPTIMII
675 850 1059 935 FLORENTIS

368 1022 924 1135 TERTULLlANI

289 1218 1020 1299 trusararnus

168 1382 349 1529 AD
447 1382 1118 1523 UXOREM.

628 1678 660 1734 1.

117 1831 315 2005 Dignum
330 1826 414 1901 duxi
428 1826 635 1903 dilectissima
650 1831 687 1903 in
703 1829 851 1905 domino
869 1827 1065 1921 conserva,
1089 1826 1178 1921 quid

212 1930 277 2002 tibi
291 1926 489 2003 serrandum
501 1929 543 2002 srt
554 1928 636 2024 post
649 1928 826 2003 discessum
844 1931 888 2002 de
905 1929 1025 2003 seculo
1038 1950 1173 2022 meum,

117 2030 259 2124 fiprior
279 2044 316 2101 te
339 2027 444 2101 suero
470 2042 647 2122 vocatus,
677 2032 748 2123 jum
771 2030 854 2102 hinc
880 2028 1096 2123 providere:
1129 2040 1176 2103 ut

117 2128 298 2223 provislrm
320 2126 509 2221 observes,
533 2129 700 2202 mandare
724 2126 807 2201 fidei
831 2144 912 2203 tuae.
962 2128 1058 2201 Nam
1075 2126 1176 2201 secu·

117 2229 248 2303 laribus
267 2226 346 2300 satis
363 2242 506 2322 agentes
530 2227 671 2321 sumus,
698 2228 733 2300 u
748 2228 889 2320 utrique
904 2226 1064 2301 nostrum
1083 2248 1174 2301 con·

117 2326 246 2401 sultum
263 2328 454 2421 volumus,
483 2328 612 2399 talibus
634 2327 848 2401 ordinamus.
908 2326 981 2398 Cur
1001 2348 1078 2399 non
1099 2348 1176 2401 ma·

117 2428 170 2523 gis
206 2424 250 2497 de
282 2424 410 2498 divinis
444 2440 550 2517 atque
581 2426 777 2499 coelestibus
810 2423 1008 2518 posteritati
1042 2426 1176 2501 nostra·

117 2521 322 2620 prospicere
366 2525 590 2618 debeamus,
638 2526 672 2598 &
705 2527 861 2621 legatum
903 2525 1174 2615 quodammodo

117 2626 334 2723 praelegare,
375 2624 716 2699 admonitionem&
746 2623 1083 2698 demonstrationem
1110 2646 1176 2698 eo·

117 2746 224 2815 rum,
262 2745 338 2815 quae
369 2746 414 2797 ex
446 2725 552 2796 bonis
583 2726 869 2818 immortalibus,
909 2723 943 2795 d
977 2724 1021 2796 de
1063 2724 1173 2799 lraere-

118 2824 228 2898 ditate
251 2826 422 2897 coelorum
446 2824 691 2917 deputantur?
722 2825 783 2896 'l'u
814 2823 925 2897 modo
956 2839 997 2894 ut
1023 2822 1172 2899 solidum

122 2942 250 3016 capere
281 2922 411 3014 pollis,
451 2923 524 2994 hoc
558 2945 645 2995 meae
677 2923 928 2995 admonitionis
960 2919 1041 2994 fidei
1077 2944 1175 2997 com·

118 3020 276 3113 missum,
293 3021 393 3093 Deus
410 3022 536 3094 faciat:
563 3023 620 3092 cui
634 3022 675 3092 srt
691 3022 831 3111 honor,
857 3022 993 3117 gloria,
1016 3022 1171 3117 claritas,
1188 3020 1194 3037 '

118 3121 292 3218 dignitas,
328 3118 511 3213 potestas,
547 3141 645 3193 nunc
678 3119 711 3192 u
741 3121 777 3193 in
811 3117 926 3192 secula
956 3118 1174 3219 seculorum,

119 3218 249 3295 Amen.
282 3218 453 3311 Praecipio
467 3220 574 3315 igitur
589 3220 655 3293 tibi
670 3235 800 3312 quanta
814 3221 1037 3293 continentia
1049 3234 1171 3315 potes,

118 3318 201 3415 post
216 3317 389 3392 excessum
408 3318 567 3392 nostrum
590 3320 777 3391 renuncies
799 3320 951 3413 nuptiis:
977 3320 1065 3392 nihil
1086 3320 1172 3394 milri

119 3420 187 3493 isto
205 3419 350 3493 nomine
369 3420 565 3511 collatura,
591 3419 651 3491 nisi
672 3418 770 3509 qarod
787 3419 850 3490 tibi
870 3418 1043 3511 proderis.
1099 3418 1174 3495 Coe·

119 3534 236 3591 terum
270 3515 472 3591 Christianis
513 3516 631 3591 seculo
671 3518 820 3614 digressis
858 3518 954 3589 nulla
992 3517 1172 3591 restitutio

119 3619 321 3709 nuptiarum
361 3618 396 3687 in
438 3616 530 3689 diem
574 3614 834 3689 resurrectionis
880 3618 1171 3714 repromittitur,

118 3718 295 3791 translatis
332 3714 464 3788 scilicet
497 3717 532 3786 in
565 3717 756 3811 angelicam
794 3716 999 3807 qualitatem
1033 3716 1066 3789 u
1100 3716 1174 3791 san·

112 3812 302 3890 &itatemr
342 3814 493 3907 proinde
527 3811 729 3887 sollicitudo
763 3818 876 3903 nulla,
915 3836 991 3906 quae
1024 3817 1069 3889 de
1100 3836 1176 3889 car·

117 3916 173 3989 nis
186 3915 288 4001 ze10,
315 3916 374 3987 vel
392 3915 427 3985 in
445 3912 652 3987 sententiam
671 3915 763 3987 illam
783 3936 885 4005 quam
904 3910 1037 4006 septem
1058 3916 1174 3989 fratri·

117 4014 183 4089 bus
201 4033 263 4104 per
284 4010 530 4088 successionem
549 4014 680 4104 rnrptiis
702 4017 895 4085 evolvere:
922 4017 1099 4089 neminem
1114 4032 1175 4093 tot

118 4116 325 4187 maritorum
343 4112 604 4187 resurrcdiionis
624 4112 679 4185 die
697 4112 879 4205 offendet,
906 4134 972 4184 nce
989 4117 1175 4207 quisquam

119 4213 214 4289 illam
247 4210 456 4291 currfusurus
490 4211 661 4308 cxpcstat.
714 4212 871 4315 Quastio
906 4212 1175 4295 Sadduceorum

1028 4314 1125 4391 cellit
