2400 4590
66 587 75 609 ,
111 523 185 615 194
269 500 319 599 Q.
342 495 475 575 Sera.
504 496 644 574 Fron.
674 493 1023 576 Terruerunt

110 644 265 741 rnoecbii
284 658 506 737 confeffione
527 658 707 757 purgavit
758 660 838 756 Jam
855 658 892 731 br
910 656 1045 735 incesta
1064 658 1177 735 dona·

101 764 196 858 bia,
226 774 379 858 propter
402 758 535 850 Locha
563 758 599 831 tr
620 754 884 832 fornicationes
909 780 992 833 cum
1015 758 1178 855 incesto,

110 875 266 963 propter
285 861 438 957 Judam3
466 856 645 955 &turpes
667 858 713 931 de
738 856 995 955 prostitutione
1017 863 1179 957 nuptiae,

138 973 266 1057 ropter
281 958 408 1049 Oseae;
434 959 469 1033 u
488 979 567 1032 non
588 970 728 1030 tanturn
747 956 1014 1052 frequentatas,
1032 972 1180 1036 'verum

110 986 268 1139 {asemel
284 1060 424 1154 plures,
450 1071 603 1153 propter
619 1071 739 1154 patres
756 1054 921 1131 nostroe:
943 1058 1069 1150 utique
1081 1061 1181 1135 enim

114 1158 261 1259 dignum
286 1158 339 1233 est
368 1159 564 1254 peraequari
594 1177 692 1231 nunc
725 1177 872 1249 quoque
903 1156 1049 1255 gratiam
1081 1160 1180 1232 circa

114 1259 237 1335 omnia
260 1272 362 1333 retro
388 1257 546 1351 indulta,
579 1255 671 1333 sade
692 1255 840 1350 pristino
863 1256 1178 1350 aliquoexempio

111 1360 223 1433 ¹uenia
245 1358 405 1433 maechiae
424 1355 642 1432 vindicatur.
692 1356 875 1431 Habemus
896 1355 1038 1449 quidem
1053 1357 1089 1431 u
1106 1376 1179 1431 nos

114 1458 274 1552 eiusdem
286 1456 474 1531 uetustatis
493 1458 657 1552 exempla
667 1475 735 1550 pro
749 1454 924 1551 sententia
937 1455 1076 1550 nostra,
1101 1476 1180 1531 non

111 1558 227 1635 modo
247 1577 325 1631 non
344 1556 499 1649 induiti,
525 1556 779 1629 verumetiam
802 1552 1036 1649 representati
1054 1556 1180 1649 judicii

113 1655 380 1732 fornicationis.
445 1652 497 1729 Et
526 1658 651 1747 utique
676 1653 802 1729 sufficit
825 1668 966 1729 tantum
989 1664 1178 1732 numerum

114 1756 249 1831 XXIV.
265 1754 415 1830 millium
435 1755 562 1851 populi
583 1754 795 1829 fornicantis
815 1755 852 1829 in
869 1751 959 1828 filia's
974 1753 1091 1830 Moab
1107 1776 1179 1831 una

114 1857 220 1953 plaga
240 1852 355 1931 ruiffe.
408 1852 479 1929 Sed
498 1856 594 1929 malo
613 1854 653 1927 in
673 1855 825 1951 gloriam
847 1850 978 1927 Christi·
994 1876 1014 1928 a
1034 1850 1178 1931 Christo

111 1955 296 2031 deducere
321 1950 549 2046 disciplinam.
610 1952 815 2028 Habuerint
842 1950 986 2047 pristina
1007 1964 1178 2049 'tempora

116 2056 234 2151 omnis
256 2054 504 2148 impudicitiae,
535 2050 910 2146 bvoluntPsychici,
941 2053 1048 2127 etiarn
1072 2068 1177 2150 pote·

115 2155 253 2229 statem.
302 2150 446 2229 Luserit
466 2167 550 2227 ante
565 2149 743 2226 Christum
762 2174 875 2245 caro,
900 2153 1010 2226 immo
1029 2155 1178 2246 perierit

116 2268 308 2345 antequam
328 2252 530 2327 aDomino
550 2250 614 2326 suo
636 2252 800 2342 requisita
819 2252 887 2325 est:
918 2253 1080 2326 nondum
1100 2266 1180 2326 erat

115 2352 224 2447 digna
242 2350 343 2426 dono
364 2349 511 2446 salutis,
541 2350 704 2425 nondum
726 2366 808 2444 apta
830 2350 952 2424 officio
974 2349 1178 2427 sanctitatis.

115 2450 250 2529 Adhuc
271 2453 309 2524 in
329 2449 445 2525 Adam
468 2452 706 2545 deputabatur
730 2472 810 2523 cum
831 2450 895 2523 suo
922 2451 1037 2544 vitiu,
1072 2451 1180 2525 facile

117 2551 219 2644 quod
229 2548 426 2644 speciosum
437 2552 580 2625 viderat
592 2548 869 2643 concupiscens,
897 2550 987 2624 &ad
1005 2550 1180 2626 inferiora

116 2650 330 2747 respiciens,
360 2649 395 2724 δι
415 2649 461 2724 de
481 2648 644 2725 ficulneis
663 2648 760 2723 foliis
775 2650 991 2748 pruriginem
1003 2651 1177 2728 retinent.

115 2748 320 2827 Inhaerebat
338 2771 594 2845 usquequaque
618 2750 772 2825 bbrdrnrs
791 2752 916 2844 virus,
943 2749 1088 2843 &jacta
1104 2748 1180 2824 sor-

117 2850 181 2924 des
198 2872 273 2924 non
294 2851 389 2923 ablui
405 2851 567 2944 idonee,
589 2851 687 2943 quod
705 2871 773 2922 nec
791 2848 872 2943 ipsae
886 2849 1001 2924 adbuc
1016 2870 1115 2942 aquae
1128 2852 1179 2923 la·

117 2964 261 3022 verant.
311 2946 364 3019 At
382 2948 444 3021 ubi
462 2947 575 3022 sermo
593 2948 664 3021 Dei
683 2947 862 3021 descendit
877 2951 915 3022 in
932 2969 1098 3042 carnem,
1131 2971 1182 3023 ne

117 3047 253 3141 nuptiis
274 3046 416 3136 quidem
435 3046 663 3145 refignatam3
690 3047 725 3119 tr
743 3045 859 3120 sermo
876 3069 961 3121 caro
980 3048 1091 3121 satius
1112 3046 1179 3140 est,

115 3166 166 3223 ue
177 3144 310 3238 nuptiis
323 3144 465 3235 quidem
480 3144 705 3243 reiignanda,
732 3167 808 3238 quae
827 3147 870 3221 ad
882 3149 1016 3245 lignum
1032 3168 1109 3221 non
1126 3148 1181 3220 in·

119 3243 374 3337 continentiae,
402 3241 461 3317 sed
477 3247 678 3319 tolerantiae
690 3245 897 3340 accederet,
920 3269 997 3339 quae
1013 3268 1090 3320 non
1105 3245 1185 3320 dul·

120 3368 166 3421 ce
185 3342 348 3437 aliqud,
382 3341 441 3417 sed
460 3363 617 3420 amarum
641 3346 773 3437 aliquid
788 3347 872 3420 inde
889 3346 1068 3443 gustaret,
1100 3366 1182 3438 quae

118 3458 198 3521 'non
217 3444 260 3518 ad
278 3442 438 3537 inferos,
472 3442 532 3518 sed
551 3445 596 3518 ad
615 3447 742 3520 coelum
765 3448 982 3539 pertineret,
1009 3467 1087 3537 quae
1101 3466 1183 3519 non

119 3544 272 3621 lasciviae
289 3540 493 3638 frontibus,
525 3541 584 3617 sed
603 3542 837 3619 sanctimoniae
857 3546 1008 3619 floribus
1032 3545 1184 3637 precin-

119 3657 287 3742 geretur,
324 3664 401 3735 quae
416 3644 606 3716 munditias
626 3643 702 3719 suas
721 3647 819 3735 aquis
835 3645 1020 3739 traderet,
1049 3642 1185 3717 exinde

120 3765 208 3818 caro
234 3763 453 3837 quaecunque
479 3745 516 3816 in
535 3740 676 3817 Christo
698 3744 851 3835 reliquas
872 3743 993 3818 sordes
1018 3741 1185 3837 pristinas

118 3840 251 3934 solvit,
278 3844 344 3917 alia
354 3844 427 3936 jam
443 3860 501 3916 res
517 3841 591 3937 est,
612 3863 717 3933 ,nova
733 3864 830 3917 emer
853 3844 884 3916 it
892 3845 963 3939 jam
979 3864 1056 3916 non
1069 3864 1117 3915 ex
1132 3840 1185 3917 se·

118 3941 223 4017 minis
237 3944 346 4037 limo,
363 3964 499 4017 nonen
514 3866 938 4038 concupiscentiaefimo,
957 3942 1015 4017 sed
1031 3964 1075 4016 ex
1090 3942 1186 4033 aqua

118 4062 210 4138 pura
228 4040 262 4112 u
279 4041 401 4134 spiritu
416 4043 564 4119 mundo.
615 4043 715 4143 Quid
725 4042 846 4134 itaque
858 4046 952 4118 illam
967 4043 1013 4115 de
1028 4039 1183 4135 pristino

118 4138 291 4220 excusari
316 4138 409 4218 Non
431 4163 565 4241 corpus
583 4138 731 4233 Christi3
755 4162 833 4219 non
850 4138 1183 4233 umbraculorum

1048 4258 1128 4318 non
