2400 4590
110 528 186 599 544
258 507 307 602 Q.
332 500 459 576 Srrr.
484 500 629 575 Ftou.
655 497 1025 575 Tearuturrrut
1056 576 1062 585 ,

52 738 58 751 ,
113 663 281 756 decedit,
314 683 419 755 quam
439 658 513 735 sola
534 660 759 751 decucurrit,
785 659 871 731 illud
894 659 992 735 unde
1017 660 1166 757 decedit,

111 766 227 837 vitam
255 763 346 835 hanc
373 762 469 835 dico.
529 757 638 832 Adeo
670 774 786 831 autem
814 780 889 832 non
918 759 1037 835 solum
1060 763 1167 837 anima

112 863 273 957 transrgit
300 864 434 949 uitam,
460 872 501 931 ut
521 880 589 931 nec
615 860 792 953 cogitatus
816 859 902 931 licet
926 858 1055 953 solos,
1090 862 1169 935 licet

112 986 190 1039 non
217 962 260 1033 ad
285 959 450 1033 effectum
471 978 535 1053 per
559 979 697 1030 carnem
727 958 898 1029 dedutlos
923 960 1168 1053 auferamus!

114 1064 272 1155 collegio
295 1062 419 1134 carnis.
481 1058 659 1147 Siquidem
683 1060 720 1127 iu
744 1078 870 1148 carue,
897 1058 1033 1131 &cum
1052 1081 1169 1155 carne,

115 1164 150 1235 ot
163 1180 226 1253 per
245 1180 387 1232 carnem
404 1159 517 1253 agitur
534 1160 577 1229 ab
595 1158 727 1245 attimar,
755 1158 852 1247 quod
867 1158 983 1253 agitur
995 1160 1035 1231 in
1050 1160 1170 1235 corde.

114 1262 219 1337 Hanc
242 1259 395 1350 denique
425 1257 538 1327 carnis
562 1253 739 1347 speciem,
772 1278 889 1327 arcem
916 1259 1044 1331 animae
1069 1261 1168 1333 ctiam

114 1360 281 1433 dominus
304 1358 340 1430 in
367 1354 647 1449 suggillationem
671 1357 892 1449 cogitatuum
914 1372 1028 1431 taxat.
1089 1360 1183 1453 Quil-

115 1466 260 1553 cogrtatr'r
278 1463 314 1525 r'u
333 1460 469 1526 tardabat
484 1454 595 1551 vestris
613 1469 767 1551 nequam!
800 1452 869 1546 Et,
896 1460 967 1548 Qui
983 1464 1168 1553 eratspexert'l

113 1562 155 1633 nd
172 1558 455 1653 tontuprstmsum,
485 1560 555 1651 jum
578 1556 775 1625 adulteravit
802 1562 838 1623 in
863 1560 959 1629 corde.
1011 1555 1167 1633 Adeo&

115 1659 189 1733 stne
201 1677 333 1749 opere,
358 1652 645 1749 eumeleus,
672 1655 850 1747 cogitatus
867 1656 982 1727 carnis
1001 1656 1055 1731 est
1071 1658 1167 1749 etue

115 1756 262 1831 sedern
274 1760 310 1829 in
325 1758 497 1846 cerebro,
517 1756 575 1825 uel
591 1760 626 1826 in
641 1756 760 1827 metlio
773 1754 1046 1847 superciliorum
1063 1756 1166 1831 discri·

47 1932 52 1947 ,
115 1858 235 1948 mine,
268 1858 329 1929 vel
347 1856 408 1927 ubi
430 1852 650 1947 pbilosophis
672 1856 813 1945 placet,
839 1857 1087 1945 principalitas
1106 1856 1166 1931 seu

116 1956 216 2031 suum
231 1952 438 2028 consecrata
454 1953 523 2047 est,
550 1954 647 2045 quod
665 1954 937 2047 llegemonicon
953 1958 1166 2047 appellatur:

116 2078 204 2129 caro
218 2058 286 2127 erit
300 2076 409 2127 omne
423 2054 544 2126 animae
560 2054 824 2149 cogitatorium.
852 2052 1050 2143 Nunquam
1066 2057 1168 2131 anim

116 2156 189 2227 fine
206 2175 311 2225 carne
325 2153 393 2242 est,
421 2152 585 2242 quamdiu
602 2153 637 2222 in
655 2174 761 2223 carue
775 2153 834 2225 est.
886 2150 988 2225 Nihil
1003 2176 1083 2227 non
1100 2176 1168 2229 cum

115 2255 177 2325 illa
192 2253 285 2346 agit,
312 2252 383 2322 stne
405 2272 472 2340 qua
493 2271 568 2321 non
592 2249 651 2322 est.
704 2253 833 2344 Quaere
852 2252 967 2323 adhuc
983 2274 1027 2325 an
1046 2256 1168 2349 cogita·

116 2365 175 2423 tus
198 2371 343 2441 quoque
361 2370 425 2441 per
443 2370 584 2423 caruem
605 2350 907 2441 administrantur,
936 2355 996 2441 qui
1018 2377 1088 2444 per
1108 2372 1168 2427 car·

116 2472 198 2523 nem
212 2447 442 2521 dinoscuntur
457 2448 687 2523 extrinsecus.
732 2451 887 2523 Volutet
903 2452 1035 2541 aliquid
1051 2456 1166 2541 anina,

116 2552 241 2622 vultus
255 2565 424 2642 operatur
439 2550 625 2621 indicium:
641 2548 749 2621 facies
760 2551 1003 2623 intentionum
1017 2558 1168 2627 omnium

116 2647 298 2745 speculum
315 2649 374 2723 est.
427 2648 573 2743 Negent
593 2648 766 2721 sactorum
782 2649 1012 2742 lbtietutem,
1044 2656 1101 2726 cui
1119 2674 1167 2725 ne

117 2771 201 2843 gare
224 2771 299 2820 non
323 2747 467 2839 possunt
492 2750 743 2843 cogitatorum.
811 2748 855 2819 lit
875 2750 923 2819 illi
948 2752 1096 2839 quidem
1119 2752 1168 2825 de·

115 2849 331 2936 linquentias
348 2852 461 2919 carnis
476 2864 699 2919 enumerant:
727 2869 813 2942 ergo
835 2854 1017 2939 peccatrix
1041 2853 1169 2925 tenebi-

115 2964 177 3017 tur
191 2945 376 3037 supplici0.
428 2947 509 3018 Nos
526 2967 616 3017 vero
631 2948 736 3018 etiarn
754 2949 905 3017 virtutes
922 2951 1039 3020 carnis
1063 2974 1169 3046 oppo-

116 3044 253 3118 nimus:
286 3066 374 3139 ergo
393 3047 426 3116 bt
443 3047 535 3116 bene
554 3060 700 3137 operata
722 3048 902 3117 tenebitur
917 3052 1078 3137 praemio.
1127 3048 1169 3121 Et

115 3144 141 3219 st
162 3145 275 3215 anima
293 3144 368 3234 eli,
404 3166 479 3234 quae
504 3145 576 3236 agit
601 3144 635 3215 ἃ
660 3145 810 3235 impellit
828 3146 864 3217 in
885 3149 1029 3237 omnia,
1063 3150 1167 3220 caruis

117 3243 325 3334 obsequium
351 3240 411 3316 est.
469 3242 588 3314 Deum
612 3265 686 3314 non
710 3246 796 3315 licet
817 3260 877 3317 aut
897 3247 1065 3335 injustum
1089 3248 1168 3339 judi·

116 3367 197 3417 cem
215 3343 332 3432 credi,
360 3356 420 3412 aut
436 3343 598 3415 inertem.
650 3342 841 3433 lnjullum,
868 3346 890 3415 li
909 3346 1039 3419 sociam
1060 3352 1167 3421 bono·

111 3464 195 3516 rum
220 3461 370 3533 operum
391 3463 409 3510 a
431 3443 580 3532 premiis
605 3459 733 3517 arceat.
786 3444 962 3537 inertem,
997 3446 1021 3518 ss
1047 3447 1169 3519 sociam

116 3546 292 3618 malorum
310 3563 330 3611 a
347 3538 522 3633 suppliciis
544 3541 724 3629 secernat,
758 3564 838 3615 cum
859 3545 1011 3616 humana
1031 3546 1171 3621 censura

117 3664 165 3714 eo
194 3638 394 3733 praesessior
423 3642 614 3713 habeatur:
652 3663 725 3731 quo
752 3643 856 3714 etiam
884 3644 1067 3717 ministros
1097 3644 1172 3719 fatti

118 3744 289 3833 cujusque
312 3739 492 3831 deposcit,
526 3762 594 3813 nec
614 3760 782 3832 parcens,
816 3764 884 3815 nec
904 3746 1074 3817 invidens
1096 3748 1171 3835 illis,

118 3861 191 3931 quo
206 3840 320 3910 minus
334 3861 414 3910 cum
429 3838 630 3911 atrsloribus
645 3858 706 3912 aut
721 3863 845 3935 prenae,
865 3858 926 3914 aut
942 3847 1067 3938 gratia:
1082 3866 1171 3919 com·

115 3939 299 4017 municeut
317 3936 477 4027 frustum.

193 4042 246 4111 16.
274 4038 343 4109 Sed
365 4060 445 4109 cunr
470 4040 655 4129 imperium
678 4038 819 4132 anime,
845 4038 1059 4132 obsequium
1083 4042 1172 4118 cami

116 4137 371 4234 distribuimus,
405 4136 692 4235 prospiciendum
709 4140 786 4235 eli,
816 4160 864 4213 ue
882 4146 917 4214 bt
942 4144 1016 4214 hoc
1042 4147 1109 4215 alia
1128 4162 1172 4217 nr·

984 4264 1132 4339 gumen·
