2400 4590
10 580 21 601 ,
94 554 172 635 tas
244 552 293 649 Q.
319 550 454 628 serr.
478 550 623 631 Fron.
647 550 1025 631 Tauruttraur

97 712 252 786 Aetates
269 734 393 786 ornnes
413 713 522 787 tacita
539 711 707 807 sapientia
720 714 891 809 lustrans,

97 812 233 885 Debita
249 810 462 903 suscipiens,
489 813 637 887 cunstos
654 814 827 889 mundare
843 832 1015 912 paratus,

97 910 264 984 Reddere
281 910 404 984 latiori
422 916 578 1005 multos,
604 934 694 1004 quos
709 911 884 1007 sparserat
904 938 1013 991 unus.

95 1008 145 1083 Et
168 1012 248 1101 quia
266 1012 431 1084 terribilis
452 1026 564 1105 puteo
583 1010 758 1086 demersus
776 1016 912 1105 iniquo

98 1111 170 1183 Vir
185 1111 334 1201 cecidit,
360 1108 460 1183 suasit
476 1113 580 1207 virgo
598 1108 764 1185 subducta
781 1112 970 1211 dracone,

99 1208 259 1282 Consrlio
277 1210 432 1301 placuit,
460 1224 601 1307 tegmen
620 1209 759 1284 coeleste
774 1214 946 1307 reliquit,

96 1306 231 1407 Arguit
243 1310 311 1381 hos
328 1310 459 1404 lignum
477 1310 615 1404 nudos,
639 1331 738 1385 mors
752 1326 830 1385 atra
848 1318 1000 1411 coegit,

97 1406 155 1481 Ex
174 1408 294 1481 eadem
311 1407 415 1481 mulsa
430 1408 529 1481 snnili
547 1414 687 1483 ratione
703 1410 837 1483 refesia

97 1509 176 1603 Jam
193 1522 391 1599 renovata,
417 1508 510 1581 redit
526 1508 596 1581 flos
614 1512 750 1601 carnis,
776 1510 981 1605 &hospita
998 1519 1097 1613 pacis

94 1607 248 1703 Virgine
264 1606 433 1700 desponsa
448 1628 533 1681 caro
552 1630 628 1682 non
646 1630 692 1683 eo
712 1607 843 1683 semine
861 1626 962 1687 nato

95 1704 239 1780 Artifici
258 1706 446 1798 coniuncta
461 1704 546 1801 stro,
571 1709 644 1783 srne
659 1709 782 1781 debito
805 1714 945 1785 mortis

96 1802 256 1903 Angelus
276 1808 352 1879 haec
365 1806 529 1879 mandata
546 1806 681 1901 Patris,
705 1828 770 1901 per
786 1806 907 1883 srdera
922 1812 1066 1909 defert,

95 1902 253 1998 Lucida,
277 1920 321 1980 ut
337 1907 497 2003 angelica
512 1907 701 1979 credantur
719 1908 851 1979 nuncia
865 1908 984 1993 sarna,

95 2006 257 2103 Virginis
272 2020 314 2079 ut
331 2006 461 2102 virgo,
488 2009 602 2079 carnis
621 2027 704 2078 caro
722 2006 842 2080 debita
861 2006 1007 2087 solvat.

95 2105 244 2179 Talibus
263 2104 431 2200 ingressus
449 2104 605 2197 sequitur
627 2104 772 2201 vestigia
790 2110 928 2182 rnortis

93 2206 268 2277 Paruulus
286 2206 463 2296 immanis,
490 2204 628 2296 senior,
654 2226 767 2298 puer,
795 2204 1094 2300 &Juvenisviu

94 2302 1024 2408 ffimmmfflmwmfflmmffiQ

44 2400 842 2497 'hmmffimfflmnwfflww

91 2506 134 2580 ln
150 2502 259 2578 soedas
277 2503 383 2574 etiarn
396 2523 499 2599 rugas
515 2503 688 2575 &inertia
703 2505 862 2576 membra

92 2605 230 2681 Mutari
250 2602 364 2696 specie
378 2603 538 2673 vacuatis
558 2601 722 2697 sanguine
738 2605 840 2674 venis

94 2700 1113 2807 Qfflssmfflmmmfflwfflwmmm,

94 2810 227 2904 Quave
243 2823 384 2876 manum
398 2802 558 2874 extendit
574 2816 709 2873 temere
725 2803 943 2896 contingere
960 2812 1107 2907 lignum,

94 2911 177 3003 Qua
198 2902 272 2992 die,
301 2922 423 2991 quove
440 2903 526 2973 loco
545 2902 674 2973 cecidit
690 2900 891 2974 clarillrnrus
908 2907 1051 3008 Adam,

90 3006 177 3079 Hoc
191 3001 365 3073 redeunte
385 3001 441 3071 die
459 3002 694 3074 volventibus
715 3002 814 3071 annis

91 3104 135 3181 ln
148 3100 259 3175 stadio
275 3100 380 3194 ligni,
408 3099 513 3171 fortis
530 3099 735 3193 congressus
752 3101 902 3193 athleta,

91 3199 1091 3294 fflfflffiwummqpmm&mfflwustwm

91 3298 1036 3399 Dwfflmmfflmqmmmmspmoefflwm

91 3398 891 3490 Emstfflwmcmm,&dfflmmmm3

93 3500 276 3595 Serpentis
292 3495 443 3592 spolium
465 3494 607 3571 devido
627 3500 786 3591 principe
804 3504 931 3575 mundi

91 3601 220 3676 Affixit
235 3600 354 3691 ligno,
380 3597 581 3691 refugarum
598 3599 748 3670 immane
764 3601 984 3692 troplraeum.

91 3702 134 3778 In
152 3700 250 3791 cujus
267 3697 400 3791 signum
419 3696 541 3769 Moses
561 3696 786 3788 suspenderat
804 3721 977 3797 anguem,

90 3803 147 3874 Ut
163 3811 347 3892 quotquot
361 3796 501 3870 fuerant
516 3798 635 3869 multis
656 3796 878 3893 serpentibus
901 3801 982 3897 isti,

80 3900 305 3993 .Aspicerent
319 3893 427 3989 ipsum
451 3894 569 3969 fitium
583 3893 764 3989 srxtrmque
781 3898 994 3979 draconem.

88 3999 176 4077 Post
193 3998 255 4071 ubi
271 3995 421 4069 secretas
438 3995 567 4069 inferni
586 3998 689 4068 venit
707 3999 748 4069 ad
766 3998 893 4092 undas,

89 4104 216 4193 Atque
237 4097 335 4169 suurn
355 4096 472 4168 vidior
493 4096 674 4191 captivum
694 4100 774 4171 luce
788 4103 939 4196 retexit,

86 4197 248 4291 Astanti,
271 4194 469 4291 juliumque
484 4196 598 4273 Patris
613 4198 751 4272 virtute
768 4202 929 4299 peregit,

991 4304 1102 4401 Spon-
