2400 4590
336 522 398 579 ns
430 524 594 583 canna
624 501 853 583 Cnnrsrr.
969 550 972 555 -
1054 512 1140 595 sat·

59 670 184 745 vulve
197 666 342 765 genitali
357 666 513 759 passione
530 666 770 760 pendentibus
787 662 916 741 exinde
930 663 1035 739 venis
1050 662 1127 741 sen·

60 771 174 843 tinam
196 768 293 841 illam
314 764 447 839 inferni
472 765 648 863 sanguinis
676 769 714 841 in
739 765 957 856 mamillam,
991 764 1026 837 δι
1053 764 1128 859 ipsa

61 866 300 943 translatione
320 866 606 959 decoquentibus
631 869 669 939 in
691 866 874 941 materiam
901 862 999 939 latiis
1021 866 1128 939 latio·

60 989 147 1043 rem
197 964 285 1040 lnde
312 966 405 1039 adeo
430 962 499 1058 fit,
531 980 574 1040 ut
597 967 748 1041 uberum
772 968 959 1059 tempore,
988 962 1127 1039 menses

60 1066 269 1163 sanguinum
290 1080 434 1141 vacent
486 1066 598 1164 Quod
619 1064 644 1139 s1
663 1066 816 1139 verbum
841 1084 928 1137 cato
953 1084 998 1137 ex
1020 1061 1055 1137 se
1076 1062 1128 1137 sa·

62 1166 157 1241 stum
173 1165 245 1257 est,
271 1185 346 1239 non
361 1186 408 1237 ex
424 1166 547 1239 vulvae
560 1166 910 1269 communicatione,
936 1162 1024 1237 nihil
1038 1184 1128 1257 ope·

61 1280 140 1341 tata
154 1266 290 1357 vulva,
315 1264 429 1338 nihilo
442 1264 585 1357 junsta,
604 1266 693 1339 nihil
708 1262 821 1359 palla,
842 1263 1030 1357 quomodo
1045 1262 1128 1337 son·

61 1381 138 1441 tem
154 1362 254 1437 suum
267 1362 460 1439 transfudit
474 1365 512 1438 in
530 1366 662 1458 ubera,
690 1386 767 1457 quae
782 1364 845 1438 nifi
861 1364 1029 1437 habendo
1047 1382 1128 1437 non
1194 1360 1197 1365 ’

61 1462 202 1542 mutat?
221 1463 367 1539 Habere
379 1476 499 1537 autem
510 1463 713 1561 sanguinem
725 1486 802 1538 non
816 1464 940 1557 potuit
955 1461 1033 1541 ratu
1049 1461 1128 1537 sub·

62 1562 322 1655 ministrando,
353 1562 475 1637 finon
494 1564 645 1639 haberet
667 1561 798 1638 caussas
814 1562 989 1659 sanguinis
1006 1562 1127 1658 ipsrus,

63 1663 286 1737 avulsionem
300 1660 435 1737 scilicet
450 1660 518 1737 suae
535 1666 659 1739 carnis.
710 1662 809 1761 Quid
825 1663 935 1737 suerit
951 1662 1127 1736 novitatis

62 1764 102 1837 in·
117 1760 259 1837 Christo
273 1784 319 1837 ex
335 1763 476 1861 virgine
489 1761 675 1855 nascendi,
702 1764 817 1858 palam
831 1762 901 1835 est:
926 1760 1060 1835 scilicet
1072 1759 1127 1834 so-

61 1862 249 1937 lummodo
269 1862 343 1936 hoc
366 1861 466 1955 quod
488 1884 534 1937 ex
555 1865 715 1959 virgine,
741 1860 932 1935 secundum
951 1863 1130 1936 rationem
1149 1908 1153 1917 ·

63 1983 170 2055 quam
186 1960 379 2036 edidimus:
404 1960 512 2035 &uti
530 1963 637 2061 virgo
657 1960 746 2037 esset
759 1965 985 2057 regeneratio
1007 1960 1130 2035 nostra

60 2060 266 2154 spiritaliter
282 2063 326 2135 ab
345 2062 514 2137 omnibus
537 2063 813 2156 inquinamentis
833 2059 1045 2135 sanctificata
1063 2083 1129 2155 per

63 2159 242 2235 Christum
264 2162 441 2263 virginem
462 2162 497 2236 δι
518 2161 632 2257 ipsum
653 2164 762 2238 etiam
786 2164 993 2253 carnaliter,
1020 2175 1061 2233 ut
1081 2180 1129 2235 ex

61 2260 212 2359 virginis
231 2282 348 2335 carne.

140 2381 197 2436 21.
223 2359 259 2431 Si
279 2380 366 2456 ergo
384 2363 614 2436 contendunt
634 2360 708 2436 hoc
729 2359 937 2456 competisse
954 2360 1128 2454 novitati,

60 2465 106 2535 ut
119 2458 416 2553 quemadmodum
434 2481 510 2531 non
523 2484 569 2533 ex
584 2462 654 2532 viri
670 2460 825 2554 semine,
852 2464 902 2535 ita
915 2484 984 2535 nec
998 2484 1044 2533 ex
1056 2463 1129 2532 vir-

62 2561 156 2657 ginis
179 2580 285 2631 carne
307 2568 392 2631 ca'ro
415 2554 521 2631 fieret
536 2559 605 2632 Dei
627 2562 798 2633 verbum:
833 2580 941 2652 quare
959 2580 1035 2632 non
1055 2558 1130 2631 hoc

61 2660 108 2737 srt
123 2672 205 2733 tota
222 2659 394 2751 novitas,
421 2673 463 2730 ut
477 2678 562 2731 caro
582 2680 659 2731 non
681 2681 726 2732 ex
746 2657 875 2732 semine
892 2672 996 2750 nata,
1024 2678 1131 2731 carne

61 2754 302 2854 processerit?
329 2754 520 2831 Accedant
537 2758 652 2833 adhuc
670 2758 881 2831 comminius
902 2758 946 2831 ad
965 2754 1131 2852 congres-

63 2857 158 2933 sum:
185 2860 280 2943 Ecce,
303 2857 437 2949 inquit,
457 2862 706 2951 virgocoracipiet
723 2864 758 2928 in
772 2874 870 2930 utero.
923 2854 1129 2957 Quidnam?

62 2959 191 3052 utique
205 2958 278 3031 Dei
299 2959 452 3031 verbum
464 2978 541 3031 non
558 2958 628 3031 viri
647 2956 784 3034 semen:
810 2973 910 3033 certe
928 2971 970 3031 ut
987 2971 1133 3053 pareret

63 3055 191 3133 filium.
242 3057 337 3135 Nam
351 3056 389 3133 st
399 3063 522 3151 pariet,
537 3058 676 3153 inquit,
716 3058 806 3132 hum.
858 3057 957 3155 Ergo
971 3071 1013 3132 ut
1024 3056 1131 3151 ipsius

64 3156 138 3229 suit
153 3155 375 3253 concepilse,
401 3158 452 3230 ita
466 3158 570 3251 ipfius
589 3158 754 3252 estquod
770 3161 929 3257 peperit:
954 3160 1041 3232 licet
1053 3178 1133 3231 non

66 3254 174 3347 ipsius
197 3257 307 3330 fuerit
324 3257 423 3350 quod
443 3260 624 3353 concepit.
676 3257 841 3355 Contra,
867 3259 891 3333 fi
913 3260 1065 3331 verbum
1085 3276 1134 3331 ex

65 3353 104 3429 se
122 3375 208 3427 caro
230 3354 357 3430 fatum
376 3356 449 3450 est,
472 3358 544 3450 jam
563 3356 674 3452 ipsum
689 3355 723 3432 se
739 3359 911 3453 concepit
927 3355 1130 3450 &peperit

65 3454 103 3529 dt
119 3470 227 3527 vacat
244 3459 446 3551 prophetia.
498 3459 589 3532 Non
608 3459 701 3531 enim
720 3459 828 3557 virgo
849 3455 1042 3549 concepit,
1069 3477 1133 3529 ne·

65 3577 139 3649 que
155 3558 316 3649 peperit,
351 3555 376 3629 fi
395 3577 472 3631 non
496 3559 664 3651 quicquid
681 3560 823 3652 peperit
842 3581 888 3633 ex
905 3558 1024 3629 verbo
1044 3575 1134 3629 con·

68 3669 179 3749 cepto
194 3676 279 3728 caro
293 3656 397 3749 ipslus
413 3655 475 3732 est.
525 3657 610 3730 Sola
623 3660 700 3731 haec
714 3673 834 3733 autem
848 3652 1037 3751 prophetae
1052 3670 1134 3731 vox

69 3755 334 3829 evacuabitur?
367 3776 413 3829 an
430 3757 465 3829 o
483 3758 599 3854 angeli
622 3772 840 3851 conceptum
857 3757 890 3829 ἂ
905 3767 1046 3848 partum
1060 3753 1135 3828 vir·

67 3854 158 3950 ginis
178 3856 456 3929 annuntiantes?
492 3878 536 3930 an
561 3856 596 3931 dt
618 3858 735 3931 omnis
752 3861 824 3951 jam
848 3855 1021 3951 scriptura
1040 3874 1134 3949 quae·

67 3975 222 4048 cumque
237 3970 385 4029 matrem
403 3958 617 4051 pronuntiat
635 3954 789 4033 Christi?
816 3954 1017 4051 Quomodo
1038 3953 1135 4029 enim

65 4069 204 4148 mater,
228 4056 291 4129 nist
305 4055 387 4147 quia
402 4057 439 4130 in
450 4052 557 4131 utero
575 4058 650 4148 eius
664 4054 758 4130 fuit‘l
785 4054 842 4129 sed
857 4057 946 4131 nihil
963 4077 1008 4130 ex
1023 4067 1132 4128 utero

66 4155 147 4247 eius
172 4158 342 4249 accepit,
373 4156 473 4250 quod
495 4168 645 4235 matrem
672 4178 750 4234 eam
775 4155 938 4257 faceret,
970 4155 1132 4259 inocujus

571 4256 687 4347 Kk's
975 4269 1084 4330 utero
