2400 4590
10 39 1156 323 -

10 328 12 349 ἰ
856 342 858 349 .

945 354 948 369 ι

12 482 17 491 .

182 518 187 523 ·
234 560 240 577 .
272 470 399 597 ..nr
419 474 586 613 ἐῴη
607 488 835 613 Euarrpp
943 478 952 493 ’
1011 485 1115 625 app
1154 584 1171 643 .-

132 674 171 751 6.
196 666 267 775 Sed
280 670 423 765 quidam
435 668 615 749 discentea
628 666 902 773 Pontieiillinn,
919 669 1031 769 -sliprp
1044 694 1118 757 ma,
1157 730 1160 737 .

58 770 205 873 gistrum
232 772 354 868 sapere
377 770 552 867 cnrnpulfi
565 823 590 866 ,.
614 760 982 849 conceduncchrluo
997 774 1116 863 crrnir
1188 860 1193 867 ¹

60 875 274 963 veritatem,
305 869 381 959 stne
397 868 606 969 prejudicio
629 882 752 971 tamen
769 870 964 951 renuende
985 874 1117 948 nativi·

60 976 156 1049 tatic
207 970 403 1063 Habuerit,
435 969 622 1062 inquiunt,
654 988 817 1058 curnem,
847 969 933 1057 dum
960 973 1115 1047 omnino

57 1083 288 1151 nonnarum.
339 1068 597 1143 Pervenimuai
622 1070 693 1143 'tur
708 1067 753 1143 dc
767 1064 1050 1167 calcaria(quod
1066 1069 1117 1147 di·

59 1172 96 1245 ci
107 1167 221 1266 solet)
233 1171 273 1243 in
286 1166 589 1259 caponariam
645 1167 793 1243 arcione
806 1170 851 1245 ad
865 1164 1038 1264 Apellen,
1054 1169 1117 1262 qul
1149 1262 1152 1267 ,
1195 1198 1199 1203 ’

59 1268 292 1365 posteaquam
303 1287 325 1342 a
337 1264 518 1363 disciplina
533 1267 734 1341 Marcionie
744 1267 783 1343 in
802 1268 987 1345 mulierem
1007 1288 1116 1351 cerne

58 1365 199 1462 lapsus,
232 1366 268 1441 ἁ
285 1366 418 1441 dehinc
434 1367 473 1463 in
488 1366 629 1469 virgine
643 1364 857 1443 Philumene
874 1364 997 1462 spiritu
1013 1387 1116 1443 ever·

59 1465 118 1541 sur
134 1464 209 1557 est,
232 1464 384 1545 solidum
403 1460 534 1541 Christi
551 1462 736 1559 corpur&
754 1464 828 1541 fine
843 1468 1034 1543 nativitate
1049 1462 1134 1561 slus,
1193 1532 1196 1539 .

59 1568 162 1660 cepit
176 1568 221 1641 ab
239 1585 305 1639 eat
324 1564 521 1660 predicant
541 1554 584 1639 ut
598 1566 744 1662 angelus
764 1564 908 1657 quidem
926 1566 976 1639 illi
996 1564 1116 1639 Philu-

59 1680 198 1740 menen.
248 1659 384 1741 Eadem
411 1683 510 1740 voce
532 1648 731 1757 Apostolus
749 1662 1001 1759 respondebit:
1021 1666 1116 1757 ¹quia

58 1761 174 1857 ipsum
194 1765 295 1839 illum
313 1764 387 1855 janr
405 1774 495 1837 tnnc
517 1762 761 1857 praecinebat,
786 1760 937 1853 dicent:
964 1764 1116 1863 Erinnafi

38 1864 193 1957 unguas
213 1865 251 1935 dc
271 1864 353 1935 calis
375 1865 478 1936 aliter
499 1864 772 1956 mngrlizaurrir
788 1862 900 1957 volis,
936 1888 1031 1962 quam
1057 1888 1116 1937 nur

57 1962 354 2056 evangelizavimus
361 2008 376 2051 a
405 1961 578 2037 ararim
588 1960 647 2059 fir.
700 1960 768 2037 Hir
792 1980 906 2053 vero,
938 1966 1000 2054 qui
1023 1958 1116 2039 insu·

56 2082 125 2158 per
138 2074 449 2157 argumentantur,
472 2080 544 2139 nor
557 2056 759 2139 resistimur.
809 2057 1044 2139 Confitentur
1052 2082 1116 2139 ve·

57 2182 99 2237 re
122 2181 258 2255 corpur
280 2159 439 2237 hibulsse
455 2156 657 2241 Christum
681 2158 779 2241 unde
794 2156 968 2254 materia,
991 2161 1116 2239 finon

59 2282 107 2337 ex
127 2280 169 2334 ea
187 2262 379 2355 qualitate,
404 2262 441 2335 in
461 2280 530 2351 qua
543 2259 760 2337 videbatur?
788 2258 897 2334 Unde
913 2270 1067 2356 corpus,
1088 2256 1116 2336 sr

57 2379 138 2435 non
158 2380 243 2431 caro
264 2356 429 2452 corpnal
449 2356 569 2433 'Unde
590 2380 700 2446 caro,
733 2359 758 2433 fi
784 2380 861 2433 non
883 2359 1000 2434 natal
1032 2360 1116 2453 quia

53 2457 153 2533 nasci
174 2460 323 2530 haberet
341 2457 521 2531 ea'sutura
537 2477 615 2549 que
632 2456 798 2533 nascitur.
836 2457 907 2530 ·De
930 2457 1114 2551 sideribus,

55 2555 384 2733 {lllllnil‘
402 2552 603 2746 lilii:
622 2555 1141 2749 llltlllllllilllhf

54 2758 210 2833 randum
224 2773 357 2849 corpur
372 2753 446 2830 stne
463 2754 678 2845 nativitate,
702 2772 785 2839 curn
805 2752 840 2826 dt
859 2751 952 2847 apud
968 2773 1037 2825 nos
1056 2774 1116 2827 an·

57 2857 148 2952 gelir
173 2855 337 2946 licuerit,
370 2855 471 2947 nulla
492 2854 588 2927 uteri
611 2871 724 2946 opera
741 2852 779 2925 in
806 2870 948 2927 carnem
973 2848 1115 2946 proces·

56 2953 145 3031 iisse.
197 2949 435 3048 Agnoscimus
456 2952 600 3047 quidem
622 2952 674 3026 ita
692 2954 868 3043 relatum,
895 2949 954 3026 sed
972 2965 1114 3046 tamen,

57 3055 165 3147 quale
180 3051 251 3137 est,
277 3065 320 3127 ut
337 3053 482 3128 alterius
501 3053 632 3149 regule
658 3047 773 3137 fider,
802 3051 845 3124 ab
863 3071 905 3125 et
921 3047 992 3123 fide
1007 3072 1114 3143 quam

59 3155 265 3245 impugnat,
285 3150 559 3227 instrumentum
572 3170 610 3227 ar
694 3151 941 3225 eutationibus
957 3150 1026 3225 suis
1040 3170 1115 3224 mu·

60 3262 195 3324 tuctur.
246 3250 346 3349 Quid
360 3251 412 3325 illi
432 3271 514 3327 cum
536 3248 668 3339 Moe,
698 3252 760 3344 qui
780 3250 900 3324 Deum
921 3248 1016 3321 Most
1034 3249 1114 3340 reji-

59 3345 141 3422 cit?
166 3346 201 3420 Si
217 3350 304 3425 aliur
317 3350 419 3427 Deus
435 3349 505 3442 cst,
532 3350 636 3427 aliter
655 3348 724 3424 ssnt
738 3370 795 3422 res
813 3349 900 3440 eius.
952 3346 999 3418 Et
1013 3360 1115 3421 utan-

56 3463 120 3523 tur
151 3447 306 3523 haereu'ci
330 3470 459 3525 ornnes
489 3448 669 3543 scripturis
698 3448 797 3541 einr,
836 3446 936 3536 cuius
962 3459 1118 3535 utuntur,

55 3549 165 3625 etiam
182 3550 331 3627 mundo.
381 3546 462 3623 Erit
475 3549 544 3623 illic
559 3548 635 3623 hoc
652 3566 799 3641 quoque
813 3547 851 3621 in
871 3543 1117 3625 testimonium

53 3647 180 3741 judicii
190 3701 203 3740 ,
230 3648 331 3741 quod
343 3648 390 3722 de
406 3650 579 3743 exemplia
593 3646 699 3749 ipsrua
721 3643 955 3739 blasphemias
972 3641 1047 3715 suas
1062 3646 1116 3721 in·

59 3743 208 3824 struunt.
260 3742 383 3825 Facile
397 3746 449 3823 est
463 3746 608 3821 veritati
624 3748 732 3825 etiam
747 3744 836 3819 nihil
856 3742 928 3816 tale
946 3742 1115 3835 adversus

59 3864 126 3918 eor
137 3842 386 3938 praescribenti
402 3848 581 3922 obtinere.
631 3845 741 3941 igitur
751 3845 812 3935 qui
826 3861 970 3915 tarnem
985 3838 1115 3915 Christi

56 3942 102 4017 ad
116 3947 322 4037 exemplum
343 3957 560 4041 proponunt
576 3946 810 4041 angelorum,
834 3961 912 4013 non
928 3950 1049 4015 natam
1065 3939 1126 4017 di:

56 4059 185 4116 centes
205 4044 343 4119 scilicet
360 4062 555 4137 carneam,¹
573 4038 788 4137 comparent
801 4038 911 4114 uelim
928 4038 963 4112 dt
981 4038 1115 4123 caussas

54 4156 129 4219 tarn
144 4141 293 4241 Christi,
317 4142 714 4316 quamduusslorppn,
741 4141 898 4233 ohqnar
916 4140 1115 4336 igrgzrenssem

480 4275 484 4281 ·
619 4262 641 4317 a
