2468 4530
320 454 401 513 nn
445 428 904 530 Moxoenam.
1069 466 1138 541 145

86 588 264 695 spadones
277 598 466 698 intelligam
478 596 617 675 neeesse
631 595 701 697 est,
716 614 779 673 aut
790 602 1028 681 conunentes.
1053 603 1140 683 Nec

85 698 206 788 enim,
235 698 257 770 sr
273 720 378 791 penes
395 698 545 773 Grecos
559 698 736 775 communi
753 700 937 774 vocabulo
954 702 1139 781 censentur

85 792 253 871 mulieres
273 796 482 892 buxetes,
508 819 575 895 pro
588 796 852 883 consuetudinis
868 798 1038 876 facilitate
1050 802 1137 974 ie&

87 909 202 969 tertam
228 892 278 969 est
292 898 481 992 proprium
499 900 717 973 vocabulum
732 898 927 999 uxorum):
951 900 1035 973 ideo
1079 926 1138 977 au·

86 996 155 1069 lum
187 994 235 1067 src
260 994 593 1091 interpretabimur,
625 996 719 1091 quad
752 996 968 1075 demonstret
999 1020 1138 1077 errores

87 1090 287 1187 Apostolos
306 1092 471 1169 habuisse
525 1094 559 1167 Si
584 1098 677 1171 enim
703 1096 748 1169 de
770 1096 1001 1173 matrimoniis
1024 1100 1142 1193 dispu-

88 1192 208 1287 tasset,
235 1194 335 1286 quod
352 1192 626 1283 insequentibus
643 1193 753 1288 facit,
778 1196 840 1270 ubi
857 1195 965 1293 magis
980 1196 1013 1271 Il
1040 1198 1142 1273 osto·

87 1292 139 1367 lus
160 1294 307 1385 aliquod
333 1294 532 1387 exemplum
551 1294 737 1372 nominare
753 1290 943 1394 potuisset,
966 1220 1064 1373 sciie
1080 1300 1139 1375 vi·

87 1390 229 1467 deretur
244 1391 381 1466 dicere:
406 1396 485 1467 slim
500 1400 586 1465 enim
602 1392 932 1490 belemsrpoteaarem
946 1421 1055 1469 uxores
1073 1403 1140 1470 eir·

83 1496 306 1579 deducenda,
331 1492 416 1589 ficut
433 1500 535 1564 cetui
555 1492 691 1591 &aliosi
710 1492 748 1569 ss
769 1488 914 1591 Capsam?
945 1494 997 1576 At
1012 1496 1075 1567 ubi
1093 1518 1139 1573 ea

84 1587 281 1763 immugit,
307 1611 383 1683 quae
401 1586 446 1665 de
466 1590 637 1667 viduaria
654 1592 876 1667 exhibitione
891 1590 1144 1672 abstinentium

83 1692 158 1785 ejus
234 1690 393 1783 endunt,
420 1686 598 1789 dicentis?
631 1696 712 1765 Non
732 1698 818 1763 enim
839 1692 1016 1791 potestatem
1042 1694 1139 1767 hale

37 1875 40 1883 Ι
82 1814 153 1861 mus
169 1788 379 1861 inarrdecam
394 1788 435 1867 o
447 1786 573 1861 silendi
578 1784 596 1855 s
620 1812 697 1865 non
711 1812 845 1865 uxores
859 1790 1076 1866 demonstrat
1091 1794 1139 1867 ab

37 1885 39 1894 '
82 1880 271 1981 Apostolis
286 1888 557 1963 circumductas:
582 1912 666 1982 quas
682 1888 715 1963 'dt
730 1891 789 1982 qui
806 1910 881 1963 non
893 1890 1048 1983 liabent,
1070 1912 1140 1986 po-

81 1986 247 2061 testatem
269 2002 386 2061 tamen
412 1990 646 2063 manducandi
670 1986 868 2063 &bibendi
892 1988 1044 2065 habent-t
1077 1988 1142 2065 sed

82 2087 286 2179 simpliciter
300 2088 484 2181 mulieres,
506 2088 660 2180 quasillis
676 2088 805 2163 eodem
820 2086 996 2183 instituto,
1014 2108 1087 2181 qtto
1102 2089 1140 2163 dr

84 2182 268 2259 dominum
299 2184 537 2279 comitantes,
578 2186 827 2263 ministrabant
887 2186 964 2283 Jarn
991 2187 1139 2263 veroli

82 2282 243 2357 Christus
257 2283 428 2376 reprobat
442 2284 582 2359 Scribas
600 2286 859 2379 spirantem,
878 2288 1018 2375 sedentes
1035 2294 1071 2357 in
1086 2313 1140 2359 ca-

82 2386 196 2455 rbedra
220 2382 337 2479 Magni,
362 2404 431 2459 nec
449 2380 620 2457 facientes
642 2406 718 2477 quae
739 2386 933 2459 docerent:
963 2388 1068 2478 quale
1086 2384 1139 2460 est

80 2498 123 2557 ut
143 2480 180 2555 u
199 2476 270 2577 ipse
292 2476 393 2575 super
411 2484 613 2557 cathedram
629 2484 722 2557 suam
737 2484 960 2575 collocaret,
985 2486 1043 2575 qtti
1063 2480 1140 2555 san·

80 2580 240 2656 &itatem
253 2582 368 2653 carnis
381 2583 572 2675 precipere
586 2583 719 2677 magis,
736 2603 814 2653 non
826 2580 933 2653 etiarn
947 2580 1049 2651 obire
1065 2601 1142 2652 me·

80 2674 278 2773 maluissent,
306 2698 411 2770 quam
427 2680 493 2751 illis
515 2678 680 2751 omnibus
693 2676 809 2749 modis
826 2678 1015 2749 insinuarat
1029 2676 1063 2747 u
1076 2676 1145 2747 do·

82 2776 281 2853 cendam&
298 2776 494 2875 agendam?
514 2775 550 2849 in
544 2776 685 2949 ὧνῑτῃίε
702 2770 745 2847 de
766 2772 828 2847 suo
846 2794 914 2847 ese
974 2776 1035 2865 lo,
1049 2782 1145 2847 tuno

81 2878 129 2953 de
143 2878 279 2951 caeteris
292 2874 524 2973 argumentis:
600 2900 633 2949 m
645 2897 813 2972 puerorum
825 2868 910 2946 dicit
927 2897 946 2945 e
975 2892 995 2945 e
1012 2894 1143 2967 regnum

82 2978 244 3049 colorum:
271 2996 351 3049 cum
376 2974 561 3049 consortes
586 2974 653 3066 illis
678 2972 764 3047 facit
787 2971 875 3047 alios
898 2970 979 3067 post
993 2976 1140 3067 nuptias

83 3096 236 3171 pueros:
263 3096 344 3147 cum
366 3074 410 3147 ad
420 3077 649 3173 fimplieimrem
672 3073 810 3145 'colurnio
828 3088 1033 3165 provocat,
1057 3074 1141 3144 neris

84 3196 161 3249 non
175 3188 312 3251 tantum
327 3174 512 3267 innocuae,
537 3194 664 3247 verum
681 3173 885 3265 &pridiem
909 3192 1013 3263 quarn
1030 3190 1142 3246 unam

84 3296 176 3349 unsis
197 3270 368 3347 masculus
391 3274 516 3347 novit:
549 3290 631 3345 'cum
647 3266 873 3345 Samaritanae
892 3275 1056 3343 maritum
1077 3284 1142 3337 ne·

83 3388 165 3470 gat,
182 3386 223 3445 ut
236 3370 433 3445 adulterum
448 3370 614 3443 ostendat
626 3364 849 3443 numerosum
861 3364 1045 3443 maritum:
1060 3382 1143 3439 cum

83 3471 121 3545 in
141 3468 367 3545 revelatione
386 3472 507 3565 glorier
529 3466 595 3543 suae
612 3470 658 3543 de
677 3480 735 3541 tot
760 3466 882 3541 fandis
903 3462 1142 3557 &prophetis

83 3566 240 3663 Moysen
258 3568 293 3642 dt
313 3564 451 3642 Heliam
473 3566 590 3642 secum
610 3567 767 3641 navist:
798 3571 949 3639 alterum
968 3577 1144 3655 monoga-

82 3692 204 3763 mum,
233 3668 384 3741 alterurn
401 3662 603 3761 spadonem.
654 3664 743 3740 Non
764 3668 856 3739 enim
874 3662 970 3735 aliud
986 3658 1055 3731 snit
1067 3658 1144 3731 ile·

83 3767 172 3857 lias,
197 3786 302 3859 quam
317 3764 518 3861 Johanncs‚
544 3764 604 3858 qui
625 3762 662 3839 in
683 3766 819 3837 virtute
841 3762 874 3835 b
898 3752 1021 3851 spiritu
1039 3754 1142 3831 venit

84 3862 221 3939 Heliae:
253 3886 333 3939 cum
353 3862 412 3939 ille
433 3888 565 3938 vorator
588 3864 626 3942 (7
645 3882 771 3963 pelato»-
795 3868 902 3939 domo,
934 3859 1143 3953 'prandiorum

84 3964 128 4042 δ’
148 3989 302 4035 coeturttm
326 3990 393 4035 cum
413 3966 594 4062 pullicenis
619 3964 658 4039 ss
680 3962 886 4057 peccatoribus
901 3956 1143 4057 frequentator,

85 4061 197 4141 semel
212 4060 302 4155 apud
315 4084 400 4137 unas
416 4062 558 4163 nuptias
573 4074 709 4157 conat,
735 4057 855 4135 multis
870 4056 991 4153 utique
1004 4054 1143 4127 nuben·

142 4154 280 4241 artur.
308 4158 396 4242 lin
415 4162 460 4242 ss.
646 4154 681 4241 K
981 4154 1104 4233 sibus„
