2468 4530
379 522 802 605 onl'snnro.
990 578 995 591 .
1112 550 1134 621 7

51 680 240 773 Denique
258 700 338 757 cum
358 682 423 777 ipsr
441 682 662 759 Mercurium
683 698 870 759 autumant
886 684 983 765 forte
998 688 1134 781 palpati

54 782 185 857 arietis
219 782 377 883 mollitie
411 782 653 875 deleslatum,
694 784 887 879 diglubalse
920 790 1131 863 oriculam:

55 880 479 973 dumque-pertentat&
496 884 595 973 quod
609 882 761 957 facilitas
777 886 934 967 materiae
950 884 1130 978 suadebat,

53 978 179 1062 toedio
204 980 451 1073 prosequente
479 979 580 1065 iilum
611 984 768 1073 eliquat,
807 987 843 1057 in
869 984 969 1057 restis
995 984 1132 1076 pristini

53 1080 214 1159 modurn
228 1100 339 1171 quarn
353 1080 499 1173 philyrae
515 1096 622 1165 tenus
634 1084 823 1171 pinxerat,
848 1083 1008 1159 texuisse.
1059 1085 1132 1163 Sed

56 1200 130 1254 vos
152 1200 311 1255 ornnem
329 1180 448 1258 lanicii
464 1178 762 1270 dispensationem
780 1180 1058 1273 sttusturamque
1080 1198 1131 1253 te·

54 1282 177 1363 larum
195 1276 379 1361 Minerva
393 1280 584 1371 maluistist
609 1300 691 1362 eum
710 1300 823 1373 penes
841 1282 1034 1355 Arachnen
1052 1284 1132 1355 dili·

57 1380 212 1481 gentior
239 1374 394 1457 officina.
445 1376 584 1451 Exinde
616 1382 785 1473 materia,
821 1401 892 1465 nec
926 1379 970 1453 de
994 1384 1129 1455 ovibus

58 1478 146 1557 dieo
163 1474 369 1557 Milesiis&
389 1476 535 1571 Selgicis
561 1476 595 1555 dt
619 1478 773 1569 Altinis,
800 1494 862 1551 aut
887 1482 965 1571 quis
990 1480 1130 1561 'saren-

56 1590 161 1663 nrm,
189 1578 254 1647 vel
276 1574 408 1655 llaetica
432 1580 543 1669 cluit,
568 1594 694 1663 natura
712 1580 915 1655 colorante.
950 1578 1021 1653 Sed
1038 1600 1128 1669 quo-

56 1678 157 1759 niam
172 1674 210 1747 u
222 1672 360 1749 arbusta
377 1672 554 1767 vestiunt,
580 1678 691 1751 &lini
707 1678 853 1755 herbida
870 1675 951 1771 post
968 1680 1128 1751 virorem

57 1773 428 1861 lavacronivescunt:
444 1776 591 1855 necfuit
601 1776 680 1860 satis
692 1782 848 1853 tunicam
863 1798 1019 1873 pangere
1034 1777 1130 1861 dtse·

58 1896 165 1965 rere,
192 1877 232 1947 ni
243 1874 351 1953 etiam
368 1874 488 1965 piscari
501 1874 668 1953 vestitum
685 1874 908 1969 contigisset3
935 1898 1016 1949 nam
1031 1876 1064 1949 u
1080 1878 1128 1963 de

59 1975 146 2053 mari
162 1974 318 2063 vellera,
342 1994 416 2065 quo
430 1974 597 2053 muscosae
609 1976 804 2049 lanositatis
821 1978 1016 2067 plautiores
1035 1994 1128 2049 con-

61 2078 135 2150 chae
151 2086 317 2149 comant.
369 2072 512 2147 Prorsus
533 2076 627 2147 haud
645 2078 751 2165 latet,
778 2078 996 2169 bombycem
1021 2072 1126 2169 (vet-

59 2174 182 2247 miculi
198 2192 313 2265 genus
330 2170 403 2270 est)
420 2195 576 2267 quaeper
590 2196 707 2247 aerem
724 2176 894 2267 liquando
911 2195 1125 2258 araneorum

60 2270 280 2365 horoscopis
311 2272 454 2345 idonius
489 2272 587 2347 sedes
615 2275 753 2363 tendit,
788 2274 920 2347 deliine
945 2272 1125 2365 devorat,

60 2393 143 2445 mox
179 2373 269 2447 alvo
303 2371 469 2459 reddere,
495 2375 648 2465 proinde
674 2375 698 2447 sr
731 2377 941 2463 necaveris,
970 2376 1125 2457 animata

17 2520 21 2565 ,
58 2474 123 2561 ,iam
139 2470 292 2547 stamina
308 2473 452 2555 volves.
500 2471 656 2547 Tantam
671 2474 777 2568 igitur
799 2488 996 2565 paraturam
1012 2486 1125 2546 mate·

17 2568 22 2671 ξ
61 2574 186 2653 riarum
201 2572 345 2665 ingenia
359 2592 504 2663 quoque
520 2570 724 2645 vestificinae
740 2570 942 2663 prosecuta,
968 2573 1123 2665 primum

18 2685 22 2707 ¹
63 2670 220 2765 tegendo
247 2671 388 2747 homini
415 2692 483 2757 qua
509 2670 693 2742 necessitas
712 2669 901 2760 praecessit,
936 2669 1067 2739 dehinc
1090 2668 1125 2739 dt

20 2775 24 2815 ¹
65 2772 228 2843 uniendo
249 2771 327 2842 imo
347 2766 583 2857 ululando,
607 2788 676 2856 qua
695 2768 842 2837 ambitio
859 2764 1036 2855 successit,
1061 2789 1125 2849 va·

62 2871 121 2943 tias
151 2869 451 2941 indumentorum
481 2866 614 2943 formas
643 2866 937 2958 promulgavere3
973 2886 1123 2957 quarunt

63 2991 134 3067 pars
168 2969 357 3063 gentilitus
390 2968 656 3057 inhabitantur,
684 2967 813 3039 ceteris
846 2965 1121 3053 incommunes;

21 3062 26 3103 ³
63 3091 133 3161 pars
152 3088 250 3139 vero
271 3066 448 3158 paffivitus
467 3068 634 3139 omnibus
655 3067 782 3155 utiles,
808 3078 849 3135 ut
867 3066 939 3137 hoc
961 3068 1121 3157 pallium,

63 3170 116 3243 etii
134 3166 308 3239 Graccum
324 3168 450 3261 magis,
476 3164 535 3237 sed
552 3167 669 3259 lingua
680 3166 751 3256 jam
767 3185 879 3256 penes
896 3163 1035 3249 Latium
1048 3164 1120 3247 ests¹

64 3288 134 3351 tum
152 3287 256 3343 voce
272 3264 378 3349 vellis
394 3266 552 3338 intravit.
591 3278 700 3353 atque
715 3264 806 3335 adeo
823 3262 915 3357 ipse,
943 3266 1002 3361 qui
1022 3262 1122 3333 Gra.-

23 3382 27 3395 ·
65 3386 116 3453 tos
139 3380 276 3459 praeter
301 3367 426 3439 urbem
444 3363 633 3453 censebat,
661 3365 796 3433 litteras
824 3385 950 3435 eorum
968 3382 1120 3447 vocem·

66 3486 122 3555 tue
139 3467 254 3539 senes
271 3467 341 3555 jam
361 3464 542 3551 eruditus,
568 3462 662 3545 idem
682 3460 774 3533 Cato
789 3464 988 3551 juridiciuae
1003 3459 1067 3533 stro
1080 3464 1118 3548 in

66 3580 227 3661 tempore
252 3565 438 3637 humerum
470 3561 657 3653 exsertus,
700 3562 794 3643 haud
815 3566 933 3649 eritius
968 3561 1117 3652 palliato

67 3666 179 3741 habitu
196 3664 333 3733 Grecis
352 3662 451 3736 lauit.

123 3792 159 3855 4,
191 3763 292 3860 Quid
311 3760 435 3837 nunc-i
466 3759 560 3839 srest
581 3760 790 3839 Romanitas
813 3758 912 3837 omni
937 3754 1023 3837 salus
1046 3776 1117 3841 nee¹

68 3862 216 3937 honestis
236 3878 358 3937 tamen
374 3862 490 3947 modis
507 3861 548 3937 ad
567 3858 714 3941 Gnaeos
738 3856 844 3929 ollis?
864 3872 924 3927 aut
943 3860 979 3929 ni
995 3858 1043 3927 ita
1066 3854 1117 3938 cst

69 3968 150 4043 ende
177 3965 341 4061 gentium
367 3963 404 4035 in
430 3964 627 4057 provinciis
653 3962 780 4037 melius
812 3958 994 4045 exercitis,
1030 3976 1116 4043 uuas

69 4080 181 4149 natura
215 4084 301 4157 agro
329 4062 452 4151 potius
482 4056 670 4137 eludendo
697 4058 966 4145 commodavit,
1004 4052 1118 4125 studia

69 4164 221 4272 lala-’stru
243 4166 340 4251 nale
366 4158 601 4344 [surisculam
639 4158 672 4241 d·
697 4154 871 4253 turrilum
892 4158 1130 4351 labora-{Em

585 4284 606 4367 l
