2400 4590
108 538 181 612 330
250 517 299 615 Q.
323 512 455 589 Sarr.
477 512 625 588 Fron.
651 506 1018 587 Tanauuuruur

103 678 273 775 ignorare
296 674 501 751 tutiffimum
525 672 600 769 est,
631 670 773 769 prostat
795 692 861 767 per
884 670 1005 745 Deum
1028 668 1167 751 nescire

40 836 48 846 .
105 778 278 869 quianon
292 775 533 871 revelaverit,
558 794 662 871 quam
674 793 740 868 per
752 772 935 847 hominem
952 769 1063 867 scire,
1084 773 1167 867 quia

104 874 179 973 ipse
192 874 457 970 praesumpserit

182 996 214 1051 a.
245 974 354 1049 Plane
378 996 456 1049 non
479 975 685 1073 negabimus
706 972 897 1068 aliquando
923 970 1165 1064 Philosophus

99 1076 206 1171 juxta
220 1074 342 1147 nostra
357 1074 514 1165 senhlie3
538 1072 777 1151 testimonium
791 1072 841 1146 est
860 1074 1022 1147 veritatis
1037 1073 1166 1147 inven-

102 1187 162 1247 tus
181 1174 296 1267 ipisus.
351 1174 621 1266 Nonnunquam
637 1174 673 1247 u
691 1176 730 1249 in
747 1175 908 1271 procella
924 1170 1081 1245 conisus
1103 1194 1166 1247 ve-

100 1274 210 1369 stigiis
234 1274 314 1347 coeli
334 1272 472 1349 &freti
497 1276 604 1367 aliqui
622 1290 750 1369 portus
767 1272 966 1347 offenditur
985 1270 1164 1365 prospero

102 1393 247 1465 errore,
273 1394 530 1465 nonnunquam
548 1374 583 1447 u
603 1374 641 1447 in
663 1374 819 1448 tenebris
838 1372 954 1446 aditus
970 1371 1165 1462 quidam&

101 1472 220 1547 exitus
235 1473 549 1568 deprehenduntur
568 1496 662 1549 caeca
680 1475 878 1565 felicitate,
904 1471 963 1544 sed
983 1472 1019 1544 dt
1037 1486 1164 1547 natura

98 1573 270 1668 pleraque
284 1571 520 1671 suggeruntur
534 1575 628 1669 quali
643 1574 688 1649 de
702 1575 852 1671 publico
865 1568 982 1662 sensu,
999 1591 1075 1664 quo
1092 1572 1163 1645 ani·

98 1694 192 1747 mam
210 1672 324 1749 Deus,
335 1672 463 1748 dotare
484 1674 648 1773 dignatus
672 1673 734 1749 est.
796 1673 904 1747 Hunc
923 1668 1025 1744 natta
1041 1669 1164 1746 Philo·

99 1770 224 1866 sophia
248 1772 292 1845 ad
315 1774 466 1871 gloriam
492 1776 646 1869 propriae
671 1776 756 1848 artis
780 1772 921 1847 inflavit
946 1790 1019 1865 prae
1042 1768 1163 1845 studio

76 1894 79 1899 ·
98 1868 198 1971 (non
211 1875 338 1948 mirum
353 1872 481 1949 sristud
492 1876 543 1949 ita
558 1874 728 1972 dixerim)
744 1874 877 1965 eloquii
894 1871 1036 1965 quidvis
1051 1869 1163 1947 strue·

96 1990 139 2044 re
156 1986 263 2065 atque
280 1972 460 2048 destruere
478 1975 627 2067 eruditi,
652 1976 833 2071 magisque
851 1971 1006 2046 dicendo
1021 1969 1165 2067 persua·

97 2068 235 2165 dentis,
262 2092 367 2164 quam
380 2072 560 2149 docendo.
611 2073 760 2148 Formas
777 2077 884 2146 rebus
904 2072 1079 2167 imponit,
1100 2092 1164 2146 eas

96 2190 194 2243 nunc
209 2185 414 2267 peraequat,
441 2193 540 2246 nunc
554 2173 697 2268 privat,
725 2173 770 2246 de
789 2174 897 2246 certis
916 2173 1052 2245 incerta
1069 2190 1160 2264 prae·

91 2269 256 2362 judicat,
290 2284 475 2365 provocat
499 2273 544 2346 ad
572 2273 762 2365 exempla,
798 2274 892 2364 quasi
921 2269 1162 2365 comparanda

93 2367 162 2444 sunt
184 2371 328 2463 omnia,
356 2373 477 2444 omnia
494 2371 712 2467 praescribit,
745 2372 1029 2465 proprietatibus
1052 2373 1161 2445 etiam

93 2468 187 2543 inter
203 2469 323 2544 similia
338 2471 505 2565 diversis,
532 2472 620 2546 nihil
633 2472 929 2546 divinaelicentiae
942 2469 1084 2563 servat,
1111 2472 1162 2545 le·

94 2590 157 2666 ges
179 2583 314 2643 naturae
338 2573 528 2665 opiniones
551 2572 626 2647 suas
650 2572 761 2661 facitr
788 2572 919 2645 ferrem
940 2569 965 2643 sr
986 2572 1160 2646 naturalis

92 2666 254 2843 ilites?
267 2668 1157 2866 mlllillhilllll'lllliillllllssl

91 2869 193 2967 tant)
213 2871 341 2944 litteris
361 2871 527 2964 hausrlle,
556 2875 638 2965 quia
656 2874 850 2966 plerosque
871 2871 1034 2943 nudiores
1050 2873 1160 2946 etiam

90 2966 195 3041 Deos
216 2969 430 3043 existimavit
449 2972 666 3065 antiquitas,
691 2971 824 3045 nedum
840 2971 965 3043 divos:
999 2984 1041 3041 ut
1058 2970 1158 3043 Mer·

92 3067 229 3138 carrium
245 3068 486 3165 Aegyptium,
514 3071 571 3143 cui
591 3072 770 3164 praecipue
785 3071 890 3143 Plato
907 3067 1087 3145 adsueuit:
1112 3084 1157 3144 ut

90 3164 247 3240 Silenum
272 3167 468 3265 Phrygem,
495 3171 553 3242 cui
574 3190 594 3243 a
616 3172 816 3266 pastoribus
834 3166 1010 3263 perducto
1033 3171 1159 3267 ingen·

89 3278 145 3340 tes
165 3287 266 3343 aures
284 3266 358 3343 suas
374 3266 492 3342 Midas
513 3270 684 3363 tradidit,
712 3282 754 3344 ut
772 3270 1065 3363 Hermotimum,
1095 3272 1157 3347 cui

90 3364 310 3441 Clazomenii
343 3384 491 3442 mortuo
520 3372 695 3463 templum
720 3373 982 3464 contulerunt,
1016 3381 1059 3441 ut
1083 3368 1157 3443 Or·

87 3468 240 3565 pheum,
266 3481 308 3541 ut
322 3468 512 3563 Musaeum,
539 3470 1068 3567 utPherecydemPythagorae
1081 3490 1155 3543 ma·

88 3564 243 3665 gistrum.
282 3568 380 3669 Quid
400 3570 557 3644 autemst
573 3568 781 3664 Philosophi
796 3572 904 3645 etiam
920 3570 981 3642 illa
999 3567 1157 3645 incursa·

87 3682 222 3741 verunt
256 3691 333 3761 quae
365 3692 476 3763 penes
509 3690 578 3742 nos
610 3671 902 3764 apocryphorum
931 3667 1156 3745 confellione

88 3766 320 3863 damnantur,
339 3784 460 3844 certos
476 3771 564 3842 nihil
577 3770 841 3863 recipiendum,
859 3771 956 3861 quod
974 3789 1049 3841 nou
1065 3790 1156 3843 con·

86 3864 195 3959 spiret
208 3888 401 3962 germana,
426 3869 459 3941 o
475 3868 552 3962 ipso
565 3870 637 3959 jam
652 3891 733 3943 aevo
749 3885 911 3963 pronatae
929 3869 1156 3963 propheticas

87 3981 284 4062 paratura,
319 3969 463 4061 quando
484 3969 518 4042 dt
537 3966 933 4063 Pseudoprophetirum
953 3969 1158 4045 memineri-

86 4087 186 4159 mus,
214 4066 380 4139 &multo
401 4072 497 4162 prius
521 4067 758 4161 apostatarum
776 4067 978 4163 spirituum,
1005 4070 1066 4161 qui
1088 4069 1156 4143 hu·

83 4164 241 4259 jusmodi
274 4186 420 4263 quoque
450 4168 679 4269 ingeniorum
711 4170 904 4251 calliditate
931 4189 1075 4284 omnem
1101 4168 1156 4247 fa·

1009 4289 1101 4348 creto
