2468 4530
295 554 298 559 ¹
360 577 707 661 Casurus
994 584 1067 680 Q?

51 759 146 820 =onte
164 745 263 820 suum
278 766 435 839 corpus,
462 745 560 837 quod
575 745 750 839 liquerat,
776 737 850 837 ipse
867 741 1018 839 recepit.

51 846 130 919 rusia
148 848 223 919 haec
239 847 367 919 mortis
383 861 479 938 erat,
506 845 630 919 eadem
645 845 708 915 via
720 841 809 915 fasta
826 840 959 938 salutis,

50 947 173 1018 uncius
189 947 249 1019 ille
266 945 361 1038 doli,
385 944 447 1043 sed
461 945 558 1038 pacis
575 944 725 1017 nuncius
741 940 824 1030 iste3

51 1043 144 1118 tonsa
160 1046 278 1118 virum
292 1047 435 1138 necuit,
463 1045 587 1139 genuit
603 1042 660 1116 sed
677 1039 800 1135 sponsa
813 1043 968 1117 leonem.
989 1050 995 1059 '

51 1150 124 1240 irgo
140 1147 224 1216 viro
242 1145 395 1237 nocuit,
421 1143 480 1217 sed
499 1145 556 1215 vir
572 1142 617 1217 de
631 1142 770 1238 virgine
784 1140 892 1215 vicit:
1017 1154 1019 1161 '

51 1247 117 1336 rjus
135 1245 171 1315 in
188 1246 389 1337 exemplum
403 1241 524 1337 sopito
540 1262 698 1337 corpore
712 1239 853 1332 somno,

51 1345 164 1418 imitur
183 1364 228 1414 ex
248 1344 360 1416 latere
377 1344 524 1436 mulier,
552 1362 630 1434 quae
645 1339 742 1414 costa
759 1342 895 1431 mariti3

51 1465 126 1516 uam
147 1463 287 1515 carnem
305 1446 350 1516 de
367 1462 473 1516 carne
490 1438 572 1535 sua,
599 1440 714 1533 deque
734 1439 863 1514 ossibus
883 1440 958 1516 oss'a

51 1544 188 1637 uigilans
209 1541 317 1635 dicit,
343 1539 495 1638 presaga
514 1555 635 1616 mente
655 1542 813 1615 locutus.

51 1642 102 1713 ira
119 1638 228 1735 fides,
253 1641 385 1714 merito
401 1642 530 1714 Paulus
553 1640 755 1742 certissimus
776 1638 907 1713 audior

51 1739 184 1815 rristum
203 1741 247 1813 de
260 1741 356 1813 coelis
375 1740 489 1813 Adam
506 1740 617 1813 docet
634 1736 703 1813 esse
719 1738 931 1832 secundum3

51 1842 152 1913 eritas
171 1838 243 1933 ipsa
261 1839 330 1912 suis
349 1841 520 1941 exemplis
539 1838 597 1911 usa
613 1838 789 1935 refulget3

51 1959 90 2012 ec
106 1940 205 2031 cupit
218 1961 264 2013 ex
279 1941 397 2013 abeno
415 1960 513 2011 acres
528 1936 716 2012 ostendere
733 1936 885 2035 gressus:

51 2040 173 2130 ‚uperis
191 2040 265 2114 hoc
284 2059 375 2133 opus
391 2039 462 2131 est,
487 2040 641 2132 propriae
656 2038 800 2111 virtutis
824 2040 937 2135 egeni.
1010 2062 1023 2073 ³

51 2161 93 2210 ec
108 2138 235 2212 Paulus
253 2140 379 2213 docuit
392 2159 539 2235 magnus
555 2137 721 2233 mysteria
736 2137 854 2231 dosia,-

53 2240 150 2311 ilicet
165 2240 201 2311 in
219 2237 361 2313 Christo
378 2235 446 2312 eise
462 2239 592 2333 decus,
619 2251 721 2311 tuum
740 2234 899 2337 Ecclefia
915 2256 1066 2316 cernens

51 2340 121 2430 ‚rjus
141 2338 184 2411 de
205 2341 335 2424 latere,
361 2338 459 2433 ligno
475 2338 664 2431 pendentis
681 2338 717 2411 in
734 2338 819 2411 alto¹
845 2370 848 2375 ¹

51 2440 181 2529 ›rporis
198 2437 349 2508 exanimi
367 2434 502 2532 sanguis
521 2437 681 2533 manauit
699 2436 734 2509 δι
749 2435 891 2512 humor.

51 2536 162 2607 emina
177 2533 311 2629 sanguis
328 2547 427 2626 erat,
454 2554 552 2625 aquae
573 2546 675 2607 erant
692 2553 792 2606 nova
806 2534 902 2607 dona
916 2536 1065 2631 lavacri,

51 2654 95 2704 sc
110 2634 237 2725 populi
252 2654 340 2705 vera
359 2628 409 2704 est
429 2633 589 2705 viventis
606 2630 765 2705 Ecclefia
780 2645 906 2709 mater.

51 2755 66 2805 e
87 2729 213 2804 Christi
228 2752 328 2805 noua
344 2750 450 2804 carne
467 2752 574 2823 caro,
602 2731 718 2822 deque
734 2731 863 2805 ossibus
881 2730 1004 2810 ossum.

51 2833 193 2929 sigotha
206 2833 310 2904 iocus
324 2828 394 2924 est,
422 2830 547 2923 capitis
562 2829 727 2903 Casuaria
740 2831 936 2928 quondam,

51 2954 144 3029 ngua
160 2946 306 3025 paterna
324 2932 425 3025 prior
443 2928 602 3003 sacillum
619 2931 768 3017 nomine
786 2930 889 3024 dixit,

51 3034 77 3104 ic
96 3034 251 3107 medium
270 3047 374 3103 terre
389 3029 465 3125 est,
490 3029 550 3103 hic
565 3026 616 3103 est
630 3028 783 3103 victoria
799 3029 944 3127 signum.

51 3155 60 3203 s
76 3152 240 3229 magnum
255 3130 314 3203 hic
328 3132 463 3204 veteris
479 3127 591 3203 nostri
608 3131 766 3203 docuere
783 3147 981 3231 repertum,

51 3232 79 3302 ic
98 3232 279 3304 hominem
297 3230 448 3327 primum
465 3228 674 3323 suscepimus
689 3228 758 3302 eise
774 3226 963 3325 sepultum,
1010 3236 1014 3241 '

51 3332 79 3400 ic
93 3331 227 3421 patitur
241 3328 419 3422 Christus,
447 3330 509 3423 pio
530 3328 694 3426 sanguine
709 3344 805 3403 terra
819 3328 1001 3425 madescit,

51 3429 129 3501 rivis
144 3427 232 3501 Adae
248 3441 290 3500 ut
303 3430 408 3522 poisat
422 3431 559 3502 veteris
576 3449 657 3503 curn
670 3427 835 3525 sanguine
850 3428 979 3506 Christi
1043 3510 1052 3529 κ

51 3528 250 3619 ammixtus,
276 3526 436 3602 stillantis
457 3548 555 3621 aquae
573 3529 709 3601 virtute
724 3530 859 3603 levare.

51 3649 92 3701 ec
110 3627 192 3700 ovis
208 3626 259 3701 est
278 3647 369 3720 una,
397 3649 500 3718 quam
515 3627 630 3721 seper
650 3627 817 3701 sabbatha
835 3627 960 3704 vivam

51 3728 140 3825 serui
159 3750 179 3799 e
194 3740 307 3822 puteo
323 3726 444 3801 statuit
458 3726 654 3801 subducere
666 3726 798 3822 pastor.

51 3826 204 3920 ‘opterea
220 3825 353 3901 cundiae
374 3830 488 3902 carnis
503 3842 720 3921 praemortua
735 3828 895 3901 membra

51 3927 164 3999 rrabat
185 3926 382 4017 sabbathis,
408 3942 470 3998 aur
485 3931 570 3999 coeci
594 3950 612 3999 a
630 3928 788 4023 germine
807 3927 882 3999 nati

51 4028 176 4117 imina,
203 4047 280 4117 quae
298 4026 458 4099 nondum
478 4026 624 4101 dederat
638 4026 820 4099 cernendo
834 4027 990 4122 peregit:

51 4139 82 4199 rt
102 4125 284 4198 hominem
306 4138 425 4199 toturn
444 4128 640 4201 exanimem
657 4145 722 4221 per
742 4124 908 4203 sabbatha
920 4129 1062 4224 vivum,

51 4245 131 4323 eque
145 4222 325 4319 sepulture
343 4222 506 4321 presenti
524 4226 632 4322 plebe
652 4226 825 4303 vocavit:
852 4228 860 4239 ‘

946 4318 1044 4409 uate
