2400 4590
10 39 1184 359 -iii-

233 604 597 659 inversus
646 584 974 679 Junnror.
1059 584 1133 677 ⁶57

70 742 237 818 ordinem
266 756 448 837 coeptum,
474 742 676 834 docentes,
705 742 974 839 praedicatorem
998 739 1133 815 adnun-

70 844 205 917 ciatum
224 842 422 937 Christum,
448 857 489 915 ut
508 864 573 936 per
591 840 725 917 Esaiam
742 842 852 915 dixit:
880 842 1053 919 Εκιιαιιια,
1078 841 1131 915 in·

69 944 172 1036 quit,
198 946 235 1012 in
257 952 382 1037 vigne,
408 942 448 1020 θ’
471 968 512 1013 ne
532 967 569 1041 pe
589 948 720 1030 erueris,
750 950 857 1015 exeita
879 957 918 1011 ut
936 941 1011 1033 iiiia
1027 966 1131 1011 vocent
1184 984 1186 991 ·

69 1060 178 1130 ruam,
201 1044 360 1113 adnuncia
367 1042 452 1138 piebi
465 1066 535 1113 mea
549 962 698 1137 lucinum
719 1043 869 1137 ipfirrum,
894 1042 934 1117 U
949 1044 1052 1111 domui
1067 1042 1131 1136 Ja-

70 1142 124 1215 cob
141 1143 251 1213 retina
267 1164 383 1221 eorum.
434 1146 496 1213 Me
511 1146 546 1215 de
561 1147 610 1214 die
628 1149 665 1213 in
681 1144 940 1238 dirupuerunt,
967 1146 1007 1218 (5
1024 1165 1131 1232 cogno·
1154 1210 1157 1215 ,
1186 1202 1190 1209 .

60 1244 150 1337 fiere
169 1247 243 1313 vias·
260 1264 342 1311 meas
357 1246 503 1339 cupiunt.
555 1243 656 1337 Quefi
665 1242 816 1340 populus,
840 1242 1063 1339 quijufliriam
1077 1238 1133 1330 se·

68 1348 169 1428 cerii,
195 1340 234 1418 ὕ
241 1342 400 1437 judicium
417 1345 482 1413 Dei
493 1367 560 1413 nen
574 1345 793 1441 dereliquerit,
810 1339 844 1414 ἃ
858 1341 1004 1432 reliqua.
1047 1342 1132 1413 Vir·

10 1500 13 1505 .
69 1455 169 1514 tutes
185 1453 302 1512 autem
318 1438 490 1513 faiiururn
506 1456 661 1535 epatre,
679 1440 796 1515 Esaias
812 1440 915 1514 dicit:
950 1444 1027 1511 Ecce
1046 1444 1130 1509 Deus

10 1572 14 1589 ι
68 1539 173 1633 molier
183 1544 343 1636 judicium
359 1542 621 1639 retribuet„ipse
637 1546 747 1614 veniet
761 1538 800 1617 ὅ
812 1542 921 1630 suiuus
934 1540 1036 1632 faciei
1059 1565 1128 1611 nos.

10 1678 16 1707 ·.
75 1638 169 1713 Tunc
189 1642 315 1732 infirmi
334 1642 554 1729 ruruiunrun,
578 1640 618 1719 σ
636 1642 715 1713 ocuti
732 1664 877 1712 carorum
893 1641 1064 1722 videbunt,
1089 1636 1130 1714 θ’

10 1770 31 1811 ι
70 1764 163 1813 aures
174 1740 340 1827 surdorum
357 1741 508 1829 redimi,
534 1738 747 1816 (fururorum
759 1744 874 1833 lingue
887 1740 1070 1825 solventur,
1090 1738 1130 1814 δ’

10 1844 40 1917 ὲ
68 1835 197 1910 ciaudus
210 1840 321 1927 saliet,
348 1840 441 1911 velut
455 1867 586 1924 cervus,
617 1840 808 1928 &cetera3
842 1860 918 1931 quae
939 1855 1129 1930 operatum

10 1948 40 2017 '·.-:
73 1936 270 2029 Christum,
295 1959 364 2011 nec
384 1960 453 2013 vos
471 1937 688 2035 diffitemini,
711 1953 843 2032 utpote
865 1940 925 2031 qui
941 1940 1128 2029 dicebatis,

10 2068 41 2119 :
70 2038 170 2129 quod
193 2048 342 2129 propter
363 2058 477 2132 opera
497 2060 582 2113 eum·
597 2058 674 2114 non
697 2039 924 2135 lapidaretis,
962 2034 1021 2110 sed
1042 2058 1129 2129 quo·

10 2148 41 2223 ξ
71 2139 167 2210 niam
183 2134 246 2208 ista
263 2134 414 2212 sabbatis
425 2138 592 2214 faciebat.

10 2272 41 2385 Ξ
143 2306 269 2361 rnen
318 2308 583 2362 unonnrnr
633 2303 1129 2385 Juunrrrnssrourur

224 2408 430 2461 cunrsrr
459 2408 511 2457 ιιι
536 2408 704 2463 cruce.
1014 2426 1017 2431 -

10 2572 43 2625 Ε
152 2554 207 2607 10.
234 2532 294 2606 De
315 2535 414 2606 exitu
434 2535 539 2626 plane
560 2534 722 2625 paffionis
747 2534 821 2624 ejus
847 2532 1042 2625 ambigitis,
1068 2553 1131 2604 ne·

37 2670 47 2723 t
72 2646 197 2730 gantes
214 2633 404 2722 paiironem
424 2636 539 2703 crucis
562 2632 597 2703 in
615 2630 790 2703 Christum
815 2630 1062 2721 praedicatam:
1096 2631 1130 2702 dr

73 2745 361 2827 argumentantes
384 2728 546 2823 insuper,
579 2752 655 2803 non
675 2729 744 2802 effe
761 2728 995 2819 credendum,
1023 2742 1062 2799 ut
1087 2728 1131 2800 ad

10 2842 46 2917 :j
71 2829 108 2902 id
129 2850 239 2923 genus
257 2830 383 2903 mortis
403 2827 608 2925 exposuerit
625 2830 727 2902 Deus
746 2825 856 2901 filium
878 2826 997 2914 suum3
1032 2828 1133 2917 quod

40 2940 45 3013 Ξ
69 2927 145 3022 ipse
168 2929 276 3003 dixit:
311 2926 506 3000 Maledifiur
523 2931 727 2999 omnishomo
745 2934 802 3023 qui
816 2929 963 3023 pependit
981 2934 1017 2997 in
1033 2929 1129 3019 ligno.
1156 2958 1159 2963 ¹

10 3068 43 3107 ι’
70 3026 142 3101 Sed
164 3030 267 3122 hujus
288 3028 542 3103 maledidionis
559 3026 693 3105 sensum
710 3027 892 3101 antecedit
908 3048 1026 3100 rerum
1046 3048 1131 3119 pro·
1175 3056 1185 3071 =

10 3150 39 3217 g
68 3128 184 3203 batio.
241 3127 343 3201 Dicit
361 3129 506 3202 enimin
524 3128 839 3220 Deuteronomio,
864 3128 1006 3216 finirem
1021 3128 1131 3215 fuerit

10 3296 13 3305 .
70 3233 111 3300 a'n
125 3231 230 3323 aliquo
246 3228 413 3316 deiifium,
430 3234 530 3299 itant
542 3231 699 3327 judicium
713 3225 893 3321 mortisfii,
914 3224 952 3301 U
966 3231 1129 3311 morietur,

10 3368 32 3407 .
68 3324 113 3403 (³1
125 3326 323 3421 suspenderis
343 3354 413 3400 eum
437 3334 473 3399 in
499 3331 593 3422 ligno.
653 3331 714 3400 Sed
736 3329 775 3405 ὅ
789 3327 953 3423 sepultura
973 3327 1130 3420 sepelietis

10 3468 32 3505 ι
67 3450 142 3499 eum
165 3426 229 3520 ipsu
247 3426 316 3497 die:
340 3432 488 3525 quoniam
508 3428 725 3501 meledium
746 3434 812 3501 Dee
829 3428 870 3525 ‘fl
882 3434 984 3497 omnis
1003 3429 1059 3520 qui
1074 3425 1130 3510 su·

10 3560 29 3611 μ,
59 3525 198 3625 spensm
206 3524 317 3615 fuerit
330 3532 368 3597 in
384 3528 488 3623 ligno,
515 3528 554 3607 θ
567 3554 633 3600 non
647 3530 858 3626 inquinabitis
874 3544 1011 3604 terram,
1037 3549 1130 3615 quarm

70 3628 217 3699 deminus
238 3630 326 3697 Deus
346 3643 422 3697 tuiti
436 3628 524 3700 iabit
538 3634 575 3698 in
587 3632 713 3717 sortem.
767 3628 876 3723 igitur
891 3647 966 3697 non
983 3625 1019 3694 in
1037 3624 1129 3695 hanc

10 3760 27 3805 r
67 3724 265 3821 paffionem
289 3723 465 3801 Christum
489 3727 689 3819 maledixit,
724 3725 783 3800 sed
802 3723 1056 3798 distiniiionem
1080 3722 1130 3795 fe·

10 3856 25 3907 t
73 3824 147 3915 cit,
178 3838 219 3897 ut
238 3826 274 3898 in
293 3826 413 3917 aliquo
434 3826 565 3901 delitio
591 3828 762 3919 judicium
789 3825 917 3898 mortis
941 3819 1127 3913 habuiffet,

10 3958 24 4003 e
72 3921 110 3995 ἃ
125 3938 327 3997 moreretur
342 3922 520 4021 suspensus
534 3927 571 3999 in
587 3928 707 4023 ligno,
725 3926 786 3998 hic
795 3919 998 3997 maledidins
1012 3944 1032 3991 a
1047 3920 1129 3994 Deo

70 4018 162 4096 erret
180 4026 239 4112 qui
248 4019 406 4117 'propter
423 4027 549 4099 merita
565 4024 775 4099 deliciorum
790 4020 932 4095 suorum
945 4018 1131 4113 suspende-

69 4134 174 4195 retur
192 4123 229 4194 in
248 4125 360 4219 ligno.
412 4123 591 4217 Alioquin
606 4122 763 4199 Christus
780 4120 840 4215 qui
861 4122 982 4195 dolum
1002 4120 1046 4190 de
1063 4139 1130 4193 ore
1187 4124 1194 4135 '

68 4221 138 4298 suo
156 4223 300 4296 locutus
318 4224 484 4323 nonest,
509 4226 641 4321 quique
661 4242 809 4299 omnent
822 4219 1045 4318 justiciam&
1065 4220 1129 4294 hu·

126 4314 263 4397 Τιιιιιθ.
287 4317 374 4400 Tum.
396 4326 443 4402 11.
495 4352 499 4361 ·
682 4320 745 4399 Tt
859 4402 862 4406 ,
968 4320 1081 4395 hurni-
