2400 4590
109 590 159 664 74
243 570 452 673 Q.,Suar.
476 568 621 648 From
647 568 1015 649 Turnacum

107 732 161 807 les
188 730 331 825 quidem
354 732 530 809 exmaneis
552 732 681 825 janua
704 734 908 809 libertatem
937 728 1035 809 suam
1064 734 1174 811 amit·-

108 844 208 907 tant:
232 832 363 923 nostre
379 854 472 909 vero
487 832 620 907 diaboli
637 832 761 907 servos
783 835 847 909 srbi
861 835 1101 930 coniungant,
1128 834 1174 909 &-

106 932 145 1007 in
157 932 249 1007 statu
265 930 328 1007 suo
341 932 602 1027 perseverent?
633 930 767 1007 scilicet
781 934 962 1030 negabunt
982 934 1080 1008 srbia
1099 933 1166 1008 do·

106 1033 207 1109 mino
225 1054 290 1127 per
307 1032 523 1126 Apostolum
545 1035 701 1127 ejusdem
723 1033 986 1109 denunciatum.
1008 1082 1011 1087 -
1042 1035 1165 1134 Quam

105 1134 211 1225 hujus
229 1135 390 1207 amentia
408 1133 556 1209 caussam
577 1134 776 1225 detineam,
801 1135 865 1208 nili
879 1131 963 1207 fidei
978 1134 1166 1219 imbecilli·

106 1244 244 1325 tatem,
278 1252 430 1327 pronam
456 1231 589 1328 semper
615 1235 653 1306 in
683 1231 1009 1327 concupiscentiam
1030 1231 1165 1307 secula-

103 1330 197 1407 'rium
210 1332 446 1428 gaudiorum?
479 1334 590 1433 Quod
610 1334 751 1427 quidem
773 1334 963 1426 plurimum
978 1333 1017 1411 in
1031 1334 1165 1407 lautio-

104 1435 203 1508 ribus
220 1431 474 1525 deprehensum
495 1433 568 1525 est,
600 1456 681 1507 narn
702 1448 838 1526 quanto
856 1432 957 1505 dives
978 1432 1094 1524 aliqua
1109 1432 1165 1509 est

106 1546 354 1607 commatrona
374 1534 520 1605 nomine
538 1532 681 1626 inflata,
707 1548 812 1607 tanto
832 1552 998 1624 capacem
1016 1532 1172 1609 domum

105 1632 276 1707 oneribus
291 1631 357 1704 suis
371 1632 540 1725 requirit,
563 1647 607 1705 ut
622 1653 784 1727 campum
797 1634 835 1707 in
847 1652 921 1724 quo
937 1632 1085 1706 ambitio
1100 1632 1164 1707 de·

108 1745 253 1820 currat3
285 1730 431 1805 sordent
456 1734 591 1806 tatibus·
610 1734 793 1825 ecclesrae,
826 1730 965 1807 difficile
989 1732 1027 1805 in
1047 1732 1163 1809 domo

104 1830 177 1907 Dei
193 1832 315 1923 dives,
334 1852 375 1903 ac
388 1831 413 1906 fi
428 1834 505 1923 quis
522 1830 594 1925 est,
612 1831 753 1907 difficile
767 1832 931 1907 coelebsa
959 1829 1058 1931 Quid
1071 1851 1162 1927 ergo

104 1928 262 2007 saciant?
285 1931 381 2004 unde
393 1932 647 2006 nisiadiabolo
659 1934 824 2006 maritum
835 1944 963 2025 petant
974 1929 1160 2027 idoneum,

105 2028 438 2124 exhibendaesellae,
465 2032 693 2124 &mulabus,
719 2031 953 2107 &cinerariis
965 2032 1169 2127 peregrina:

102 2128 359 2227 proceritatis?
385 2128 598 2205 Christianus
611 2130 674 2203 ista
688 2134 794 2205 ctiam
810 2130 911 2205 dives
924 2128 1159 2207 sortaslenon

102 2229 255 2326 praestet.
317 2229 446 2328 Quaeso
473 2244 539 2323 te,
574 2231 758 2327 gentilium
786 2230 948 2323 exempla
970 2250 1157 2325 proponas

102 2330 193 2422 tibi,
218 2329 395 2423 pleraeque
412 2328 446 2402 dr
462 2350 592 2426 genere
605 2332 746 2405 nobiles
765 2336 800 2405 bc
820 2350 861 2403 re
875 2330 1014 2421 beata,
1039 2330 1160 2423 passm

102 2429 319 2529 ignobilibus
344 2428 640 2504 &mediocribus
665 2432 763 2505 srmul
790 2431 1080 2523 coniunguntur,
1112 2428 1159 2513 ad

103 2529 279 2605 luxuriam
303 2530 489 2623 inventis,
525 2544 587 2604 aut
611 2531 654 2603 ad
680 2531 859 2603 licentiam
884 2528 994 2603 sestis.
1053 2528 1161 2603 Non·

103 2628 209 2705 nullae
227 2626 262 2701 se
283 2626 443 2725 libertis,
474 2629 508 2703 ἀ
531 2628 641 2705 servis
667 2629 734 2705 suis
754 2628 970 2720 conferunt,
996 2630 1157 2703 omnium

102 2728 289 2805 hominum
307 2729 565 2805 existimatione
585 2730 872 2825 despedandum,
898 2728 1012 2803 modo
1032 2730 1160 2803 habea-

102 2846 197 2905 tura
214 2830 339 2922 quibus
362 2830 497 2903 nullum
515 2832 803 2926 impedimentum
826 2829 999 2902 libertatis
1024 2827 1091 2899 suae
1114 2831 1159 2903 ti·

101 2942 234 3007 meant
258 2973 268 2981 -
286 2928 515 3002 Christianam
537 2929 678 3002 fidelem
698 2926 794 3001 fideli
810 2948 851 3001 re
871 2929 1001 3000 minori
1018 2929 1158 3003 nubere

100 3028 1044 3225 llilslritltltultllsffl{stillula
1061 3026 1160 3221 ltu

668 3178 680 3213 9

99 3231 181 3327 plus
201 3228 303 3301 dives
321 3228 358 3301 in
375 3247 533 3323 paupere
545 3228 709 3301 inveniet
721 3226 857 3319 majore
880 3227 979 3300 dote.
1029 3224 1083 3297 Sit
1096 3226 1160 3300 illa

101 3350 267 3423 exaequo
284 3330 319 3401 in
337 3330 461 3420 terris,
488 3350 564 3419 quae
579 3328 616 3401 in
633 3328 728 3399 coelis
744 3324 889 3399 sorsrtan
904 3346 981 3397 non
999 3325 1079 3399 erit
1163 3368 1166 3373 -

172 3454 208 3529 9.
232 3426 477 3507 Dubitandum
492 3428 526 3501 ta
540 3425 787 3521 inquirendum
805 3425 839 3498 δι
856 3424 1077 3499 indentidem
1096 3424 1157 3497 de·

99 3530 318 3607 liberandum
342 3526 419 3617 est,
452 3548 496 3600 an
516 3528 599 3600 ideo
622 3528 665 3601 lit
686 3524 835 3599 invectis
858 3525 1060 3617 dotalibus,
1097 3524 1159 3597 cui

98 3630 200 3707 Deus
223 3626 361 3704 censum
378 3625 474 3701 suurn
490 3624 666 3700 credidit?
691 3624 800 3698 Unde
815 3622 977 3697 sufficiam
998 3625 1041 3697 ad
1057 3644 1159 3697 enar-

98 3730 244 3805 randam
275 3728 480 3807 felicitatem
507 3729 583 3819 ajars
608 3725 849 3818 matrimonii,
884 3724 983 3816 quod
1009 3725 1160 3799 ecclesia

99 3829 282 3923 consiliat,
310 3826 549 3903 &confirmat
562 3827 723 3916 oblatio,
750 3825 785 3898 tc
802 3824 1024 3920 obfignatum
1040 3825 1159 3920 angeli

96 3930 329 4019 renunciant,
354 3944 456 4023 pater
468 3938 549 4001 rato
564 3922 699 3999 habeti
724 3924 819 3999 Nam
834 3946 904 4001 nec
919 3924 1077 3997 in-terris
1092 3920 1160 3997 filii

96 4030 170 4105 stne
184 4027 352 4103 consensu
372 4043 511 4125 patrum
532 4026 600 4099 rite
620 4026 746 4117 &jure
762 4029 911 4099 nubent.
965 4025 1083 4121 Quale
1101 4026 1159 4117 ju-

97 4150 181 4226 gum
199 4126 354 4204 fidelium
377 4130 551 4219 (luorum,
576 4128 681 4199 unius
697 4123 799 4221 spei,
824 4127 928 4199 unius
949 4123 1157 4219 disciplina,

97 4230 256 4325 eiusdem
275 4226 489 4307 scrutatis?
513 4228 628 4329 ‚ambo
652 4226 805 4322 fratres,
838 4228 944 4301 ambo
970 4222 1156 4402 confleIrvi,

1003 4347 1054 4401 nu
1082 4350 1103 4401 a
