2400 4590
111 517 157 595 68
268 511 316 612 Q.
342 507 479 583 Sarr.
511 504 656 583 Fron.
683 502 1014 581 Traruuruur

108 673 340 769 permaneant
354 668 497 765 suadet,
519 691 600 743 cum
617 668 721 743 dicit.
750 670 847 763 capto
861 684 966 737 aurem
984 678 1089 737 omnes
1105 673 1169 737 med

107 778 243 868 exemplo
253 774 460 870 perj'everme.
512 770 573 843 De
587 770 756 843 nubendo
771 787 863 841 vero
882 773 1068 850 indumine,
1089 788 1171 841 cuna

105 873 197 952 dicit
218 873 347 943 ruvirum
374 876 411 941 io
433 871 611 956 domino,
597 891 670 961 Jam
693 890 769 941 non
793 868 936 959 suadet,
969 864 1028 941 sed
1046 880 1171 939 exerte

103 974 219 1065 jubet.
271 971 404 1075 Igitur
395 990 432 1043 rn
444 970 508 1046 ista
521 964 673 1044 maxime
687 968 802 1059 specie
816 968 877 1041 nist
896 970 966 1041 hoc
981 967 1170 1059 sequimur,

106 1072 368 1166 periclitamur:
378 1056 473 1161 quia
488 1066 642 1142 situlum
631 1082 776 1159 impune
793 1068 876 1179 qnid
891 1067 1047 1161 negligas
1064 1088 1172 1157 quam

103 1168 251 1263 J'ull'um,
278 1170 378 1262 quod
402 1170 488 1243 illud
510 1168 554 1241 de
580 1168 729 1253 consilio
754 1166 903 1257 veniat,
931 1168 976 1241 ἃ,
987 1166 1171 1237 voluntati

105 1285 355 1363 proponatur·
390 1270 464 1343 hoc
489 1282 607 1340 autem
630 1270 674 1339 de
700 1264 878 1359 potestate
899 1264 1109 1359 descendat,
1137 1266 1174 1339 &

106 1368 309 1441 necellrtate
332 1370 527 1461 obligetur:
559 1356 633 1459 illic
656 1368 840 1477 libertas„
859 1366 917 1437 hic
941 1366 1173 1477 eontumacia

107 1461 314 1557 delinquere
335 1468 510 1542 vider.ttur

185 1588 218 1640 2.
245 1568 357 1663 Igitur
385 1590 464 1640 cum
489 1567 646 1660 quadam
673 1564 745 1637 istis
774 1563 897 1636 diebus
924 1564 1065 1658 nuptias
1090 1564 1169 1641 suas

105 1664 152 1737 de
176 1666 322 1739 ecclesia
340 1670 507 1761 tolleret,
532 1665 568 1739 id
586 1664 776 1759 est'gsntili
798 1664 1093 1758 conjungeretur:
1119 1664 1172 1738 id·

106 1786 178 1855 que
203 1768 246 1837 ab
273 1768 348 1838 aliis
377 1784 476 1839 retro
504 1764 633 1839 fadum
657 1764 898 1855 recordarer,
935 1764 1081 1835 miratus
1108 1778 1174 1839 aut

105 1862 257 1956 ipsarum
277 1866 537 1957 petulantiam,
569 1879 630 1937 aut
656 1863 937 1935 consiliariorum
960 1866 1172 1957 praevarica-

106 1965 270 2055 tionem,
301 1966 399 2057 quod
426 1968 523 2037 nulla
544 1962 715 2057 scriptura
737 1964 813 2055 ejus
839 1962 963 2035 fatiam
988 1963 1171 2039 licentiam

106 2060 325 2153 proferrent.
376 2063 574 2157 Numquid,
601 2064 765 2154 inquam,
787 2061 831 2134 de
845 2062 910 2132 illo
929 2062 1088 2153 capitulo
1101 2063 1167 2138 srbi

105 2162 357 2257 blandiuntur,
374 2165 495 2257 prima
510 2164 551 2235 ad
568 2162 803 2252 Corinthios,
827 2160 888 2233 ubi
911 2159 1077 2254 scriptum
1093 2162 1184 2257 esta·

102 2264 145 2329 Si
161 2286 232 2354 quis
246 2264 357 2352 frater
381 2266 536 2353 infidelem
558 2264 652 2333 lrabet
669 2288 813 2346 exuram,
841 2265 880 2335 (5
895 2264 949 2331 illa
962 2267 1168 2335 matrimonio

103 2362 284 2447 cortjentit,
308 2364 513 2435 nedimitrot
533 2388 607 2433 eam.
663 2366 825 2431 Sirnrliter
841 2362 1092 2452 muliaerfilelis,
1118 2368 1172 2433 in·

93 2460 191 2553 fideli
205 2479 326 2557 raupta,
343 2465 372 2559 fi
387 2466 591 2551 corrsentnnea
610 2470 761 2531 maritum
783 2467 961 2555 experitur,
987 2486 1028 2531 ne
1050 2464 1171 2565 dimise·

104 2564 154 2630 rit
172 2586 253 2633 eum.
312 2562 544 2655 Sonflificatur
568 2570 652 2631 enim
674 2562 811 2655 infideles
834 2565 892 2629 vir
912 2588 932 2630 a
945 2565 989 2653 fi
986 2566 1037 2629 eli
1054 2588 1168 2649 uxore,

102 2659 303 2751 &infidelis
328 2688 407 2733 uxor
423 2690 443 2735 a
456 2664 550 2757 'fideli
572 2668 703 2733 marito:
739 2678 881 2731 caletum
901 2664 1055 2731 immrndi
1072 2660 1169 2753 efferat

94 2762 168 2852 filii
184 2787 223 2829 v
214 2764 291 2850 Jlrr'.
345 2764 450 2836 Hanc
474 2764 710 2837 monitionem
727 2760 802 2832 fors
820 2756 983 2833 fidelibus
1001 2760 1179 2833 inviniiis'

103 2860 306 2950 simpliciter
333 2863 630 2973 intelligendum,
666 2874 795 2951 putent
833 2860 938 2931 etiam
966 2858 1166 2933 infidelibus

102 2960 242 3029 nubere
261 2960 378 3031 licere
431 2962 570 3054 Quina
590 2958 774 3049 intersspret·
776 2972 864 3047 rtur,
892 2958 977 3031 absit
995 2972 1036 3029 ut
1053 2958 1165 3032 sciens

102 3054 139 3128 se
165 3054 440 3131 circumscribat.
503 3056 679 3127 Caeterum
699 3012 920 3129 manifest'um
944 3057 994 3130 est
1017 3056 1165 3151 scriptu·

102 3174 177 3225 ram
198 3154 293 3225 istam
318 3176 382 3226 eos
408 3152 530 3227 fideles
554 3154 755 3251 defignare,
790 3157 847 3245 qui
873 3158 910 3228 in
932 3158 1164 3231 matrimonio

103 3254 227 3349 gentili
245 3254 385 3327 inventi
402 3278 421 3327 a
436 3254 504 3325 Dei
521 3254 631 3349 gratia
648 3254 815 3346 fuerunt,
844 3254 1033 3329 secundnm
1051 3260 1167 3331 uerba

102 3350 194 3445 ipsa:
231 3358 270 3422 Si
292 3360 364 3447 quis
378 3407 392 3447 ,⁴
421 3355 559 3445 inquit,
586 3355 694 3443 fidelis
720 3380 846 3423 uxorem
868 3356 961 3426 habet
988 3360 1165 3445 infidelem:

102 3474 179 3525 non
195 3452 281 3523 dicit
294 3472 445 3524 uxorem
465 3454 545 3525 duci
563 3450 762 3545 infidelem,
790 3452 945 3527 ostendit
955 3457 1026 3547 jam
1043 3458 1077 3527 in
1093 3478 1168 3529 ma·

102 3552 277 3623 trimonio
296 3566 460 3649 agentem
476 3552 631 3625 mulieris
651 3552 826 3646 infidelia,
852 3575 939 3625 mox
962 3556 1074 3649 gratia
1093 3553 1192 3628 Dei'

103 3650 319 3725 conversum
344 3650 570 3745 perseverare
597 3673 676 3724 cum
702 3674 818 3725 uxore
840 3654 995 3746 debere,
1031 3652 1168 3727 scilieet

102 3762 321 3844 propterea,
347 3752 473 3843 nequi
498 3747 603 3823 fidem
628 3751 839 3823 consecutus
865 3766 1010 3845 putaret
1026 3753 1088 3825 sibi
1107 3752 1183 3856 (ἱε-ἱ

102 3850 318 3922 vertendum
345 3848 413 3923 else
439 3853 483 3923 ab
510 3852 623 3923 aliena
647 3853 717 3942 jam
748 3851 782 3922 u
812 3866 981 3925 extranea
1010 3850 1184 3944 quodam·

102 3945 215 4019 modo
233 3946 378 4021 femina:
405 3950 497 4023 adeo
514 3948 547 4021 tr
564 3952 741 4023 rationem
758 3948 917 4041 subjicit,
939 3953 975 4024 in
992 3972 1083 4043 pace
1095 3957 1189 4046 noe]

103 4046 267 4117 vocatia
286 4046 445 4120 domino:
477 4046 622 4143 &polle
640 4044 817 4121 infidelem
834 4070 853 4119 a
869 4048 965 4123 fideli
980 4070 1047 4142 per
1065 4048 1185 4127 usum=

104 4144 321 4221 matrimonii
339 4144 520 4225 lucrifieri.
571 4146 649 4245 lpsa
669 4148 763 4223 enim
787 4146 938 4223 clausula
954 4149 1029 4224 hoc
1045 4149 1095 4221 ita
1113 4152 1174 4225 in·.
