2400 4590
188 320 191 325 Ι
285 304 293 317 Ι
788 39 797 309 Ι

886 342 889 349 ι

850 418 853 427 ¹
1132 426 1135 431 .

93 504 959 651 na,Ennacnrrrr-onrnqe,mannate
1008 557 1081 637 477

54 724 102 792 es,
127 720 211 775 cum
231 698 267 773 dt
289 696 477 779 aurore-o
495 698 617 799 operis
638 696 797 791 ejusdem
816 697 905 791 sint,
926 697 1027 791 cuius
1047 698 1084 775 tt
1145 684 1148 695 ’

54 798 239 874 lololatria.
289 794 412 873 D'eum
425 808 488 871 aut
498 794 642 895 lingum
655 796 782 889 alium,
803 794 969 870 advertiis
985 818 1082 873 crea·

54 902 164 975 meni:
182 906 260 979 ,aut
277 896 303 973 fi
323 896 470 973 unicum
490 896 690 971 creatorem
711 888 954 989 confitentur,
979 896 1081 972 aliter

54 992 316 1091 indiderunt,
348 1014 455 1089 quam
468 994 507 1069 in
521 1016 617 1091 vero
637 990 698 1083 eil„
748 994 803 1067 lta
817 1016 926 1069 omne
939 996 1082 1071 menda·

54 1097 186 1269 ‚urnlde
207 1095 314 1192 Deo,
350 1094 537 1175 velentio
561 1091 854 1195 quoddammodo
878 1092 1004 1191 serua,
1029 1092 1083 1171 est

54 1198 124 1272 lolo
141 1198 248 1271 atriae.
625 1198 627 1203 ’
765 1246 768 1251 -
1143 1268 1147 1275 ,

96 1318 156 1395 41,
181 1294 272 1387 Non
289 1294 453 1369 omittam
468 1290 573 1389 ipfiur
589 1291 696 1391 etiam
711 1288 998 1371 conversationis
1012 1288 1083 1371 htt‘·

54 1396 143 1470 eticae
165 1390 441 1488 descriptionem
457 1414 471 1482 3
508 1410 613 1485 quam
634 1390 767 1486 futilis,
785 1412 905 1487 auam
923 1402 1081 1493 terrena,

54 1518 130 1573 uam.
140 1490 364 1581 humanafitt
385 1492 461 1567 line
475 1490 673 1589 grauitate,
690 1492 763 1567 fine
776 1492 989 1589 autoritate,
1005 1492 1080 1569 line

54 1594 222 1687 sciplina3
255 1609 297 1667 ut
318 1588 403 1666 fidei
422 1588 492 1665 sua
510 1588 700 1687 co'gruena.
760 1590 803 1665 ln
821 1592 964 1687 primis,
997 1594 1097 1687 quin¹

54 1695 325 1785 rtechumenua‚
360 1691 438 1785 quia
451 1684 606 1783 fidelia,
633 1691 813 1769 incertum
838 1691 908 1767 est:
945 1694 1080 1787 pariter

54 1793 180 1886 leunt,
205 1793 339 1885 pariter
357 1796 490 1865 orantr·
513 1788 621 1865 etiam
639 1788 793 1885 ethnici,
817 1790 848 1891 ii¹
864 1789 1080 1885 supervene-

54 1907 112 1983 nt,
132 1888 279 1983 lindiam
300 1888 449 1978 canibus,
471 1888 512 1967 U
532 1892 632 1987 porris
654 1892 865 1987 margaritas,
897 1890 984 1967 licet
998 1906 1079 1967 non

54 2013 148 2086 eras,
171 1989 364 2088 jailabunt.
415 1986 685 2085 Simplicitatem
704 1990 840 2064 volunt
862 1988 969 2087 effe„
992 2002 1079 2084 pro'·

54 2091 226 2165 rationem
242 2086 450 2187 disciplirae',
475 2088 576 2183 eujus
595 2109 707 2182 perrea
719 2088 789 2164 noi
808 2110 952 2185 curam,
974 2088 1078 2189 leno}

56 2192 153 2264 nium
172 2206 326 2264 vocante
358 2206 484 2285 pacem
502 2209 647 2282 quoque
667 2186 784 2283 paffim
804 2210 886 2264 curn
910 2189 1095 2285 omnibue,
1154 2208 1157 2213 ’

54 2290 178 2365 iscent
230 2286 331 2363 Nihil
350 2289 445 2363 enim
467 2286 614 2371 interest
632 2288 723 2384 illis,
747 2283 834 2377 licet
851 2284 989 2363 diversa
1007 2302 1078 2367 tra·
1186 2280 1190 2303 ¹

57 2391 222 2477 antibus3
255 2389 338 2461 dum
370 2386 414 2461 ad
442 2390 547 2461 unius
578 2388 740 2463 ueritatis
774 2391 1077 2486 expugnationem
1117 2463 1123 2472 ,

54 2489 237 2585 inspirent.
301 2484 438 2559 Omnes
470 2484 651 2560 scientiam
684 2487 914 2581 pollicentur.
976 2484 1078 2562 Ante

54 2603 102 2663 int
125 2584 275 2683 perfeili
295 2585 561 2677 catechumeni,
597 2606 700 2677 quam
722 2584 850 2659 edofti.
901 2582 985 2676 Ipsae
1001 2607 1077 2660 mu·

54 2710 125 2763 ares
150 2684 349 2777 haereticae,
382 2705 486 2777 quam
507 2686 699 2777 procacesl
733 2703 810 2777 quae
833 2683 987 2757 audeant
1006 2683 1079 2759 do·

54 2809 124 2882 ere,
150 2784 393 2877 contendere,
420 2782 638 2877 exorcismos
653 2802 776 2879 agere,
805 2783 1007 2858 curationes
1021 2802 1078 2857 re-

54 2889 252 2978 omittere,
280 2880 485 2958 fortassean
503 2881 604 2956 &tin
630 2881 716 2956 arel
742 2881 998 2985 Ordinationes
1013 2905 1077 2956 eo·

54 3009 99 3060 rm
113 2986 326 3078 temerarie,
344 2985 465 3075 leves,
485 2982 572 3056 inco
673 2997 740 3058 tea.
789 2976 900 3056 Nunc
913 2984 1078 3078 neophy-

54 3106 82 3158 ιε
103 3089 315 3159 conlocant:
343 3088 440 3156 nunc
454 3080 575 3155 seculo
594 3080 805 3177 obstriiloa,
829 3096 927 3155 nunc
941 3083 1077 3179 aposta·

54 3209 77 3258 is
93 3185 253 3278 nostros,
271 3198 313 3256 ut
325 3183 441 3278 gloria
454 3202 519 3256 eos
535 3181 717 3279 obligent,
736 3183 817 3274 quia
833 3185 986 3255 veritate
998 3202 1078 3256 non

54 3282 178 3357 offunt.
232 3283 419 3376 Nusquam
440 3282 577 3356 facilius
597 3279 806 3376 proficitur,
840 3303 943 3373 quam
959 3284 997 3354 in
1019 3302 1077 3353 ca·

54 3385 101 3455 ris
125 3384 330 3477 rebellium,
356 3383 439 3476 ubi,
463 3380 576 3475 ipsum
596 3379 666 3454 elle
684 3381 776 3472 illic,
801 3377 1075 3477 promereri-est.

56 3504 147 3574 aque
171 3484 255 3556 alius
277 3481 386 3555 hodie
407 3479 619 3575 episcopus,
646 3500 723 3552 cras
742 3481 847 3553 alius:
881 3480 991 3553 hodie
1005 3479 1076 3553 dia·

54 3604 159 3677 )nus,
191 3585 249 3675 qui
275 3602 352 3654 cras
373 3579 504 3653 ledtorc
536 3580 646 3653 hodie
669 3581 879 3673 presbyter,
914 3579 974 3671 qui
999 3596 1074 3654 ctat

54 3686 141 3758 icus.
192 3681 286 3755 Nam
303 3680 430 3754 &laici
443 3678 674 3753 sacerdotalia
684 3698 831 3752 munera
842 3678 1045 3772 injungunt.

93 3804 152 3873 42.
178 3780 237 3854 De
259 3781 363 3854 verbi
384 3791 503 3853 autem
527 3776 825 3853 administratione
845 3775 929 3866 quid
947 3776 1075 3873 dicam,

54 3901 103 3957 rm
116 3885 188 3954 hoc
201 3882 243 3955 iit
255 3879 441 3975 negotium
455 3878 537 3971 illis,
551 3897 630 3951 non
642 3878 808 3950 ethnicos
819 3874 1075 3970 convertendi,

54 3981 80 4054 d
100 3980 244 4055 nostros
267 3979 477 4066 evertendi3
509 3978 601 4051 hanc
619 3977 728 4073 magis
751 3977 899 4071 gloriam
915 3984 1075 4069 captant,

64 4079 238 4154 stantibus
260 4076 417 4168 ruinam,
442 4097 520 4149 non
539 4076 565 4149 fi
586 4077 788 4167 iacentibus
816 4075 1074 4168 elevationem,

54 4193 229 4278 petentur.
289 4176 471 4276 Quoniam
490 4175 525 4250 dc
544 4174 657 4272 ipsun
676 4194 769 4273 opus
789 4194 915 4251 comm
930 4194 1009 4348 npn
1027 4172 1076 4250 de

973 4290 1024 4348 uo
