2400 4590
18 606 23 615 ,
75 540 169 625 ,ιω
240 524 290 625 Q.
313 517 451 613 sarr.
473 513 617 605 lunt.
637 510 1004 639 retentum

30 740 34 756 ·
91 679 1051 797 utubvfflqtconrumrtrueeourorera
1066 686 1165 775 tw

91 804 175 863 rum
191 782 372 881 parabole
386 780 568 857 vedentur.
854 868 861 879 Ι
988 806 994 819 ·

14 934 19 947 .
109 930 118 941 ·
159 904 206 980 ·9.
231 880 316 977 N⁰l
340 892 462 957 mrtem
485 878 568 974 quit
596 899 679 954 uon·
704 888 753 957 e'x
782 878 963 974 periboli·
986 877 1162 959 mecerin

95 994 404 1105 commentamur,
433 977 496 1057 sed
512 1000 558 1055 ex
573 978 731 1055 materiis
744 978 934 1073 parabolae
946 980 1167 1073 interprete.

13 1146 17 1153 .
94 1102 197 1175 tutu,
221 1102 291 1157 uec
308 1078 419 1153 valde
436 1080 639 1154 laboramus
653 1078 776 1153 omnia
790 1080 827 1153 in
844 1076 1069 1174 expuitione
1082 1090 1165 1151 tor·

95 1202 231 1279 quere,
258 1193 339 1253 trum
354 1179 537 1253 contraria
552 1198 701 1271 querque
718 1198 920 1253 caveamus.
952 1196 1061 1271 quate
1076 1197 1165 1251 eeu·

93 1295 176 1359 tutu
200 1276 331 1353 oveti.
352 1279 389 1353 dt
411 1278 497 1371 quid
511 1270 640 1371 utitiue
660 1277 785 1353 decem
801 1274 1006 1355 drachmael
1030 1274 1165 1368 &que

93 1382 168 1459 ille
192 1374 338 1474 scope?
368 1374 628 1469 necelleerat,
654 1377 715 1470 qui
731 1378 836 1450 uulua
853 1374 1057 1469 peccatoria
1074 1372 1166 1450 salu·

95 1494 174 1557 tem
191 1476 412 1575 gratillimatn
424 1476 511 1551 Deo
526 1477 678 1551 volebat
690 1477 910 1573 exprimere,
935 1474 1165 1570 aliquemne·

96 1579 190 1659 meri
211 1579 446 1671 quantitatem
461 1577 694 1670 nominaret,
729 1574 776 1651 de
793 1596 869 1668 quo
888 1596 1000 1649 unum
1018 1573 1165 1667 quid·

95 1675 229 1778 periise
243 1673 479 1765 describerctt
499 1674 643 1751 metelle
653 1692 731 1751 erat
738 1688 783 1749 ut
793 1675 934 1750 babitus
947 1674 1166 1769 requirentia

31 1836 33 1840 Α
97 1778 307 1855 drachmam
329 1777 367 1851 iu
392 1774 529 1870 domo,
568 1791 640 1850 tam
662 1772 849 1872 scoparum
875 1780 987 1866 quem
1005 1774 1167 1849 luterum

87 1874 319 1953 'adminiculo
344 1876 692 1951 adcommodaretur.
748 1874 966 1968 Huiusmodi
985 1874 1081 1949 euim
1103 1892 1167 1947 cu·

91 1976 284 2055 uiosrtatee
308 1975 345 2049 dt
365 1973 518 2068 suipedia
535 1975 675 2051 fadum
696 1974 879 2069 quedam,
904 1974 939 2048 dt
962 1972 1169 2049 caestuum

99 2074 370 2174 erpofitionum
391 2073 585 2151 subtilitate
600 2074 811 2170 plerumque
830 2072 1016 2149 deducunt
1032 2094 1054 2147 a
1070 2072 1166 2147 veti·

26 2172 29 2181 '
99 2191 192 2251 tate.
253 2174 346 2247 Sum
365 2190 485 2249 autem
505 2195 584 2266 qua
605 2174 641 2248 dt
664 2172 866 2268 impliciter
885 2171 1003 2273 pofita
1020 2170 1102 2247 timt
1119 2169 1168 2247 ad

98 2274 306 2352 struendam
329 2273 365 2349 dt
392 2271 703 2366 disponendam&
730 2272 921 2347 texendam
943 2272 1168 2368 paraboltmr,

100 2389 148 2451 ut
161 2375 251 2447 illuc
264 2373 526 2468 perducamur,
553 2373 611 2446 cui
629 2374 831 2467 exemplum
845 2384 1075 2468 procuratur.
1117 2366 1172 2445 Et

95 2471 183 2553 ‚duo
203 2475 330 2565 utique
351 2470 413 2547 filii
436 2473 510 2547 iluc
535 2471 763 2569 imberbum,
796 2494 870 2566 quo
893 2470 1117 2547 &drachma
1134 2466 1173 2543 dt

103 2572 207 2648 evit.
255 2573 397 2669 Quibus
416 2575 511 2649 enlm
525 2575 732 2666 coherent,
756 2574 904 2649 eandem
921 2571 1055 2646 babent
1073 2566 1170 2644 caus·

103 2671 205 2766 sam,
239 2673 460 2765 eandemque
479 2675 609 2765 utique
622 2673 897 2751 muffimuonem
915 2668 1173 2785 Pharisaeorum

103 2770 1173 2984 attententur,clitellariitt!

105 2986 228 3067 partam
246 2992 318 3062 pam
335 2971 471 3060 pridem
491 2970 650 3065 Pompeii
674 2992 781 3045 manu
804 2986 912 3063 atque
927 2970 1093 3063 Luculli,
1119 2971 1174 3044 le·

106 3085 173 3169 gat
189 3067 536 3163 Detrtetonurniuma
564 3075 644 3142 Non
662 3075 726 3142 erit
739 3069 874 3164 aeillgal
886 3074 1024 3166 pendens
1037 3071 1176 3159 exfiliit

109 3168 221 3260 lsrael.
270 3165 355 3239 Nec
369 3181 444 3239 tam
466 3164 683 3243 exsecrabile
700 3166 789 3245 edet
806 3189 942 3245 nornen
961 3169 1175 3255 publicano·

100 3272 190 3346 'rum
219 3265 312 3359 apud
344 3265 566 3360 Dominum,
601 3267 664 3343 nist
694 3282 904 3346 exuaneum
934 3269 1175 3347 vendentium

105 3369 218 3464 ipsius
238 3367 318 3439 coeli
341 3364 376 3438 dt
401 3379 506 3439 terre
524 3367 560 3440 dc
583 3371 688 3445 maria
711 3371 888 3448 tramine.
952 3368 1174 3443 Peccatoret

104 3483 232 3543 eutem
255 3486 336 3539 curn
360 3462 520 3561 adjungit
539 3468 760 3563 publicanis,
794 3489 871 3544 non
889 3466 1005 3543 statim
1027 3468 1175 3562 Judaeot

104 3565 290 3658 ostendit,
317 3563 389 3651 etsr·¹
397 3562 501 3659 aliqui
516 3562 617 3652 fuiss'e
632 3581 842 3661 potuerunt
901 3566 1098 3644 Sedunum
1113 3588 1175 3665 ge·

105 3686 180 3745 uus
201 3665 429 3739 ethnicorum
454 3666 543 3738 alios
570 3687 616 3739 ex
643 3666 766 3743 offitio
788 3681 1024 3762 peccatores,
1058 3666 1095 3741 id
1123 3666 1179 3741 est

103 3766 347 3864 publicanos,
380 3766 470 3837 aliur
490 3785 536 3839 cx
557 3779 705 3862 natura,
730 3768 766 3841 id
789 3764 840 3841 est
862 3789 939 3842 non
959 3768 1178 3862 publicanos

107 3863 248 3963 pariter
272 3864 447 3958 ponendo
466 3862 636 3943 distinxit.
698 3865 868 3942 Ceterum
891 3887 961 3941 nec
982 3868 1177 3942 denotare·

106 3976 176 4041 tur
189 3980 270 4034 cum
282 3963 409 4057 Judaeia
426 3966 692 4041 communicant
708 3964 859 4059 vidum,
885 3965 945 4041 sed
962 3986 1043 4041 cum
1059 3968 1177 4041 ethni·

109 4062 1036 4260 ulna

26 4220 28 4224 '
1023 4220 1037 4263 θ
