2468 4530
337 536 410 591 nr
459 514 984 597 Oasnxd'nn.·'.‘·
1078 536 1124 617 37

65 676 576 853 'bsgrgassegnfflgerffl
591 678 1124 871 gggtmeffiglgtosafletffisglcgtg

65 879 345 969 communium,
384 898 460 969 quae
482 878 549 952 diei
574 876 777 973 interspatia
800 880 963 975 signant,¹
1000 882 1121 975 tertia,
1146 882 1154 897 '

64 974 186 1069 sexta,
202 998 327 1069 nona,
354 996 438 1067 quas
458 974 690 1051 solemniores
705 978 742 1051 in
759 977 938 1071 scripturis
957 978 1122 1053 invenire

14 1063 19 1126 l
63 1074 124 1149 est.
190 1075 331 1149 Primus
355 1074 502 1169 Spiritus
526 1076 672 1150 Sandtus
694 1078 916 1173 congregatis
941 1074 1120 1171 discipulis

62 1172 152 1247 liora
178 1174 439 1265 tertialinsusus
466 1175 527 1251 cst.
585 1175 736 1268 Petrus,
769 1176 919 1267 quadie
944 1176 1125 1251 visionem

64 1275 334 1349 communitatis
344 1278 457 1349 omnis
472 1276 510 1347 in
524 1276 588 1349 illo
599 1274 746 1349 vasculo
762 1288 931 1369 expertus
947 1275 1010 1371 est,
1021 1272 1123 1349 sexta

18 1440 21 1468 ,
62 1374 151 1447 hora
177 1372 385 1447 ascenderat
408 1374 533 1448 orandi
560 1374 672 1469 gratia
697 1376 733 1448 in
760 1374 951 1469 superiora.
1018 1374 1121 1449 Idem

18 1470 21 1475 ’
64 1494 141 1547 ctun
159 1473 330 1569 Johanne
352 1474 396 1547 ad
415 1494 550 1549 nonam
572 1474 609 1547 in
629 1476 802 1569 templum
819 1474 958 1567 adibat,
982 1474 1044 1545 ubi
1057 1496 1120 1566 pa-

64 1574 257 1665 ralyticum
273 1571 410 1646 sanitati
421 1572 633 1647 reformavit
649 1572 726 1649 suae.
775 1570 851 1646 Etfi
865 1571 1068 1667 simpliciter
1084 1572 1119 1645 se

62 1672 219 1746 habeant
243 1672 314 1745 sure
333 1672 440 1745 ullius
458 1672 719 1747 observationis
739 1687 948 1765 precepto,
980 1673 1120 1761 bonum

63 1783 181 1845 tamen
199 1770 244 1845 fit
259 1772 410 1862 aliquam
424 1772 640 1846 constituere
659 1771 966 1867 praesumtionem,
994 1790 1065 1862 qua·
1084 1770 1120 1843 dt

17 1868 20 1880 '
63 1871 187 1945 orandi
210 1870 492 1945 admonitionem
517 1871 763 1966 constringat,
796 1870 946 1963 &quast
968 1871 1049 1966 lege
1074 1868 1120 1942 ad

16 1904 22 2050 p
62 1974 128 2045 tale
147 1990 282 2043 munus
297 1982 548 2062 extorquente
563 1972 720 2065 negotiis
735 1970 933 2064 interdrnn,
960 1982 1003 2041 ut
1019 1968 1119 2059 quod

16 2059 20 2148 Ι
61 2068 204 2143 Danieli
225 2090 370 2161 quoque
387 2071 534 2165 legimus
554 2068 781 2144 observatum
797 2072 922 2161 utiqu'e
944 2090 990 2141 ex
1010 2066 1118 2141 lsrae-

15 2165 20 2246 l
60 2172 96 2244 lis
115 2168 328 2262 disciplina,
353 2190 400 2241 ne
414 2171 527 2243 minus
541 2183 599 2242 ter
616 2170 674 2243 die
687 2168 807 2243 saltem
824 2169 1034 2261 adoremus,
1057 2166 1117 2240 de·

60 2270 197 2343 bitures
216 2268 351 2359 Patris,
370 2267 520 2362 desilii,
546 2268 745 2363 &Spiritus
764 2268 891 2343 Sentii.
940 2266 1116 2360 Exceptis

18 2391 22 2412 ·
59 2371 180 2461 utique
203 2368 368 2463 legitimis
389 2370 635 2461 orationibus,
669 2390 745 2461 quae
769 2368 841 2442 sine
862 2367 935 2439 ulla
957 2367 1115 2441 admoni-

15 2463 22 2561 Ι
60 2470 156 2541 tione
178 2467 359 2541 debentur
372 2466 526 2563 ingressu
539 2467 814 2541 lucisunottis.
863 2464 1116 2539 Sed&cibum

60 2588 132 2640 non
148 2570 250 2661 prins
267 2565 415 2655 sumere,
429 2568 463 2637 &
480 2570 660 2639 lavacrum
674 2588 752 2640 non
764 2566 860 2657 prius
876 2566 993 2655 adire,
1010 2583 1117 2654 quam

60 2666 269 2762 interposita
292 2666 492 2758 oratione,
528 2665 668 2736 Fideles
693 2665 811 2737 decet.
868 2662 994 2733 Priora
1021 2660 1117 2731 enim

60 2766 220 2840 habenda
236 2766 318 2837 sunt
334 2762 474 2855 spiritus
490 2760 671 2856 refrigeria
691 2761 725 2831 &
740 2761 890 2851 pabula,
922 2778 1026 2850 quam
1041 2776 1115 2831 car·

14 2867 18 2879 '
60 2870 126 2961 nis,
155 2866 194 2941 dt
207 2864 334 2959 priora
349 2862 517 2955 coelestia,
545 2882 649 2953 quam
662 2872 816 2933 terrena.

124 3038 188 3089 20.
221 3012 386 3087 Fratrem
410 3010 554 3085 domum
578 3024 675 3083 tuam
698 3006 947 3105 introgreffum
971 3030 1017 3085 ne
1038 3007 1112 3083 fine

61 3118 226 3189 oratione
241 3108 418 3187 dimiseris.
469 3108 620 3203 Vidisti,
642 3110 777 3203 inquit,
804 3108 970 3200 fratrem,
992 3106 1112 3180 vidisti

17 3223 20 3251 ²
60 3212 257 3291 Dominum
271 3224 388 3283 tuum:
412 3212 564 3285 maxime
580 3208 772 3303 advenam,
791 3230 838 3281 ne
851 3208 995 3303 angelus
1011 3206 1113 3278 sorte

18 3280 23 3420 ἱ
62 3312 100 3393 lt.
159 3310 237 3385 Sed
258 3331 327 3383 nec
347 3308 420 3403 ipse
443 3334 464 3383 a
486 3310 651 3383 fratribus
674 3308 821 3382 exemtis
843 3309 965 3399 priora
982 3304 1114 3405 ¹fecerit

61 3416 132 3489 resri
162 3412 240 3485 cria
261 3420 404 3483 terrena
424 3408 633 3483 celestibus.
690 3404 816 3481 Statim
831 3408 924 3480 enim
939 3402 1111 3495 judicabi-

61 3526 106 3587 utr
131 3436 230 3587 {des
250 3522 323 3583 tua.
374 3508 451 3581 Aut
472 3508 658 3601 quomodo
681 3504 869 3581 secundum
891 3514 1108 3597 praeceptum

62 3632 118 3701 pax
135 3610 230 3687 huic
251 3606 372 3680 domui
386 3608 505 3700 dices,
530 3608 592 3680 nist
613 3608 646 3681 dt
666 3607 734 3701 eir,
763 3608 822 3699 qui
838 3604 876 3679 in
890 3602 1000 3675 domo
1016 3600 1111 3697 sunt,

63 3732 177 3801 pacem
193 3720 355 3784 mutuam
367 3706 517 3783 reddas?

123 3880 184 3934 21.
214 3855 472 3950 Diligentiores
492 3858 529 3931 in
544 3856 683 3930 orando
700 3857 909 3947 subjungere
922 3852 957 3922 in
973 3856 1108 3924 oratio·

21 3949 25 4027 ζ
62 3960 153 4033 nibus
174 3956 335 4044 Alleluja
358 3953 493 4047 solent,
527 3956 560 4029 u
586 3959 658 4029 lroc
685 3976 796 4051 genus
820 3949 992 4042 Psalmos,
1018 3972 1107 4041 quo-

64 4076 125 4133 nm
152 4054 319 4131 clausulis
345 4053 602 4147 respondeant,
637 4058 697 4145 qui
718 4055 815 4129 srmul
840 4049 929 4124 sum.
984 4048 1034 4119 Et
1056 4046 1108 4119 est

24 4224 28 4268 Ι
65 4162 230 4257 optimum
245 4154 374 4253 utique
386 4154 725 4351 institutgngomne,
751 4152 849 4254 quod
864 4147 1122 4331 proponeret)
