2400 4590
103 500 179 597 336
266 496 315 595 Q.
340 490 472 591 Sars.
502 493 641 571 reos,
671 489 1021 571 Taarunnrarr

102 658 236 735 suibus
249 654 403 733 sensibus
419 655 565 750 subjici,
580 652 708 731 sonum
721 652 879 759 auditui,
901 655 1070 731 colorem
1082 674 1172 737 con·

103 756 260 873 spelled,
284 755 439 831 odorem
459 755 656 850 odoratui,
686 776 842 849 quorum
864 757 1034 849 exemplo
1061 758 1171 833 etiam

105 878 223 933 amma
245 856 393 949 corpori
417 855 577 948 accedit,
606 877 654 931 ne
675 856 772 931 dicas
790 854 928 929 idcirco
944 875 987 949 ea
1001 874 1070 949 per
1090 874 1170 931 cor·

103 957 249 1055 porales
275 957 480 1043 renuntiari¹
499 952 642 1047 sensus,
683 956 764 1046 quia
790 955 1041 1049 corporalibus
1068 977 1169 1031 acce·

106 1056 205 1133 dant
265 1054 378 1153 Igitur
398 1055 424 1128 s1
447 1053 588 1129 constat
610 1054 854 1151 incorporalia
877 1074 1065 1148 quoquea
1088 1076 1184 1129 con.

104 1155 291 1253 porslibus
308 1153 580 1249 comprehendi,
595 1172 658 1228 cur
671 1175 749 1230 non
762 1154 798 1228 δι
812 1153 926 1228 anima
941 1150 1020 1245 quae
1032 1174 1101 1227 cor
1129 1178 1170 1229 o·

105 1256 217 1350 ralis,
248 1255 294 1328 ab
311 1252 599 1349 incorporalibus
618 1251 873 1328 renuntietur?
909 1250 1019 1328 Certe
1039 1251 1062 1327 d
1113 1256 1170 1329 ni·

104 1357 162 1433 tio
181 1352 323 1428 exclusa
341 1352 393 1428 sit
442 1351 504 1426 De
525 1350 774 1447 insignioribus
796 1352 1167 1449 argumentationibus

105 1456 179 1533 erit
196 1455 304 1529 etiam
321 1453 408 1544 illa,
440 1450 540 1544 quod
560 1471 667 1525 omne
690 1473 823 1545 corpus
846 1453 1100 1545 corporalibus
1122 1452 1167 1531 nli

101 1555 276 1653 indicant.
326 1549 493 1625 Animam
511 1558 603 1625 uero
621 1564 663 1623 ut
678 1552 970 1646 incorporalem,
994 1554 1168 1649 incorpo-

107 1654 264 1746 ralibus,
281 1649 458 1746 sapientie
474 1648 610 1727 scilicet
623 1650 755 1729 studiis.
793 1650 863 1725 Sed
878 1672 947 1725 nec
961 1652 1022 1726 hic
1039 1654 1166 1751 gradtu

105 1754 231 1848 stabit,
258 1754 365 1827 etiam
387 1752 528 1827 Sorano
547 1751 762 1825 methodicae
780 1751 964 1826 medicine
980 1750 1167 1829 instruitis·

105 1855 195 1933 nmo
220 1851 366 1928 audiore
386 1848 625 1945 respondente
642 1854 790 1927 animam
810 1851 1060 1944 corporalibus
1078 1874 1168 1947 quo·

107 1976 179 2049 que
197 1955 261 2029 ali:
295 1950 447 2044 denique
467 1944 695 2025 deficientem
718 1973 739 2024 s
763 1952 848 2024 cibo
872 1951 1082 2044 plerumque
1100 1952 1168 2027 ful·

106 2055 183 2131 ciri
210 2048 369 2152 Quidni?
388 2069 460 2141 quo
478 2049 646 2143 adempto
660 2052 696 2123 in
710 2062 829 2124 totum
844 2049 1011 2125 dilabitur
1023 2074 1069 2127 ex
1083 2074 1167 2127 cor·

106 2172 210 2250 pore.
261 2150 317 2223 lta
338 2149 443 2224 etiam
459 2146 531 2240 ipse
549 2149 705 2221 Soranus
722 2149 912 2243 pleniffime
927 2146 1030 2243 super
1045 2152 1164 2225 anima

107 2264 370 2326 commentatus
399 2262 554 2336 quatuor
577 2250 846 2343 voluminibus,
889 2250 923 2325 br
947 2270 1026 2324 cum
1047 2252 1164 2323 omni·

105 2353 174 2426 bus
192 2347 490 2441 Philosophorum
510 2347 691 2421 sententiis
709 2364 902 2443 expertus,
935 2354 1165 2444 corporalem

107 2450 232 2527 anima
249 2446 472 2523 substantiam
494 2445 676 2540 vindicat,
701 2448 763 2522 etsi
780 2448 876 2523 illam
894 2448 1165 2524 immortalitate

104 2550 298 2631 fraudavit
327 2546 417 2621 Non
431 2548 524 2621 enim
538 2546 697 2623 omniurn
715 2547 766 2621 est
781 2548 940 2643 credere,
956 2549 1057 2642 quod
1066 2548 1165 2625 Chri·

105 2651 300 2729 stianorum
323 2646 383 2723 cib
430 2645 531 2720 Sicut
549 2667 637 2744 ergo
652 2648 809 2722 Soranus
830 2648 902 2743 ipse
919 2651 1028 2723 rebus
1048 2650 1164 2725 osten·

107 2753 161 2827 dit
183 2752 333 2823 animam
357 2748 607 2840 corporalibus
623 2749 686 2841 ali,
711 2748 1162 2843 proinde&Philosophus

106 2853 277 2926 exhibeat
299 2850 394 2920 illam
413 2848 699 2941 incorporalibus
717 2848 822 2944 pasci.
881 2848 951 2921 Sed
970 2870 1081 2922 nemo
1101 2870 1163 2925 un·

106 2972 213 3042 quam
226 2947 405 3020 cunctanti
418 2948 463 3019 de
477 2949 575 3019 exitu
591 2947 712 3020 animae
725 2945 869 3021 mulsam
886 2970 1010 3039 aquam
1026 2951 1071 3025 de
1089 2952 1163 3024 elo·

106 3050 192 3138 quio
210 3048 365 3140 platonis
381 3043 532 3138 infudit,
559 3058 620 3118 aut
633 3046 741 3120 micas
756 3046 800 3120 de
814 3048 1070 3140 minutiloquio
1083 3046 1163 3123 Ari·

103 3146 244 3227 stotelis
269 3143 413 3219 infersit.
475 3144 573 3240 Quid
598 3160 717 3220 autem
739 3144 875 3220 facient
898 3161 958 3220 tot
984 3171 1026 3220 ac
1055 3162 1163 3223 tante

105 3248 229 3323 animae
242 3240 419 3336 Rupicum
441 3244 475 3316 δι
494 3245 748 3339 barbarorum,
782 3248 909 3339 quibus
931 3248 1101 3323 alimenta
1116 3250 1162 3325 sa·

104 3346 251 3446 pientiae
266 3340 411 3435 desunt,
437 3357 555 3416 tamen
574 3343 718 3417 indolis
736 3346 923 3441 prudentia
940 3347 1105 3442 pollent,
1130 3350 1162 3421 dt

104 3447 180 3527 sme
197 3443 383 3519 academiis
402 3442 436 3516 δι
452 3443 651 3537 porticibus
670 3444 803 3519 Atticis
825 3446 859 3520 δι
878 3447 1085 3521 carceribus
1099 3448 1162 3523 So·

104 3546 235 3638 cratis,
261 3542 414 3634 denique
431 3544 630 3636 jejunantes
651 3544 914 3639 aPhilosoplria
928 3547 1161 3623 nihilominus

104 3646 251 3719 vivunt
294 3640 384 3717 Non
399 3645 492 3717 enirn
504 3639 701 3719 substantie
712 3645 773 3739 ipsa
787 3647 952 3719 alimenta
964 3642 1163 3740 proliciunt

103 3742 323 3839 studiorum,
348 3742 407 3817 sed
425 3743 633 3838 discipline,
659 3746 741 3837 quia
762 3766 829 3818 nec
853 3744 1068 3839 opimiorem
1093 3748 1162 3823 ani·

103 3867 198 3922 mam
214 3842 393 3937 efficiunt,
428 3840 486 3919 sed
511 3844 741 3917 ornatiorem.
796 3842 895 3919 Bene
920 3859 1039 3920 autem
1063 3846 1163 3943 quod

105 3942 142 4018 ἃ
157 3958 250 4017 artes
266 3945 379 4016 Stoici
395 3944 603 4037 corporales
623 3936 818 4017 adfirmant.
869 3940 979 4018 Adeo
1002 3949 1051 4019 sic
1074 3971 1162 4043 quo·

104 4062 176 4135 que
191 4042 306 4115 anima
323 4044 543 4135 corporalis,
568 4040 643 4115 li&
660 4043 792 4114 artibus
809 4043 854 4115 ali
869 4046 1039 4121 creditur.
1092 4046 1163 4125 Sed

102 4140 262 4221 enormis
293 4140 450 4219 intendo
474 4138 710 4239 Philosophiae
738 4138 832 4219 solet
859 4143 1062 4240 plerunque
1096 4168 1163 4225 nec

974 4242 1114 4342 prospi-
