2468 4530
346 472 422 529 ne
469 450 889 533 Perrexere.
1100 462 1148 539 lc

88 603 124 690 le
140 610 383 710 conspirasse,
416 614 452 689 az
472 616 671 691 individuas
689 619 729 691 in
749 638 824 689 uno
842 616 950 709 patris
967 616 1043 691 sinu
1057 617 1147 691 ado·

87 712 224 789 levisle.
288 716 456 789 dt'enim
478 737 580 807 quam
602 720 735 811 primus
755 714 927 811 senserat,
959 738 1145 811 perquam

88 810 297 905 delinquere
317 814 542 907 intraverat,
575 817 619 889 de
642 818 705 889 suo
725 818 973 909 experimento
995 818 1076 907 quid
1096 818 1143 893 ad

85 912 309 1005 peccandum
331 912 515 1007 adjuvaret
534 912 712 1009 mador,
744 918 890 989 candem
911 914 1143 1009 impingendo

86 1012 123 1083 in
139 1016 277 1085 crimen
290 1014 428 1087 homini
444 1014 655 1087 advocavit:
676 1030 859 1087 conventa
871 1014 985 1087 statim
1000 1014 1051 1087 illi
1067 1038 1143 1088 mu·

84 1110 172 1206 lier,
198 1134 278 1185 non
293 1128 428 1187 temere
440 1114 588 1188 dixerim
603 1136 668 1207 per
688 1116 921 1207 conloquium
937 1111 1048 1207 ipsum
1065 1114 1142 1205 ejus

87 1207 204 1285 afflata
217 1210 271 1283 est
286 1209 408 1305 spiritu
420 1214 641 1305 impatientia
652 1214 806 1307 infecto,
821 1214 1037 1305 usqueadeo
1050 1234 1145 1285 nun·

88 1330 190 1402 quarn
210 1310 363 1385 omnino
383 1310 582 1405 peccasset,
614 1313 639 1397 sp
661 1314 698 1385 in
718 1312 845 1385 divino
867 1310 1144 1483 interddopa-

86 1412 248 1483 rientiarn
262 1408 504 1503 perservasset
555 1412 654 1583 (guid
674 1414 773 1505 quod
794 1433 873 1486 aon
888 1408 1048 1483 sustinuit
1080 1412 1143 1487 01·

84 1522 298 1583 conventa:
335 1508 394 1583 sed
414 1512 506 1607 apud
524 1508 560 1583 A
586 1534 640 1585 am
657 1511 819 1585 nondum
837 1512 1023 1600 maritatur,
1047 1530 1142 1583 non·

84 1606 169 1683 dum
192 1629 295 1683 aures
319 1610 382 1683 libi
402 1610 617 1703 debentem,
653 1611 839 1703 impatiens
864 1610 972 1683 etiam
999 1608 1144 1683 tacendi

37 1706 40 1743 ³
86 1708 149 1799 est,
167 1708 211 1781 ad
225 1709 408 1787 traducem
421 1710 518 1783 illum
530 1710 622 1801 ejus,
642 1710 880 1802 quodamalo
890 1705 1069 1797 hauserat,
1091 1706 1144 1779 sa-

71 1808 145 1897 ¹eir.
198 1806 297 1881 Perit
311 1808 464 1903 igitur&
481 1808 566 1881 alius
579 1810 692 1881 homo
705 1830 770 1901 per
781 1808 1038 1903 'impatientiam
1054 1808 1142 1881 alte·

37 1891 39 1947 ³
83 1908 173 1980 rius:
200 1910 296 2001 perit
310 1928 396 1981 mox
415 1910 448 1981 dr
462 1908 534 2001 ipse
549 1930 612 2003 per
622 1908 876 2001 impatientiam
891 1905 985 1981 suam
1000 1908 1143 1979 utrobi-

85 2028 152 2099 que
181 2005 422 2080 commillam:
458 2008 609 2079 &circa
634 2006 704 2079 Dei
730 2007 1068 2104 praemonitionem,
1105 2004 1142 2079 dt

83 2110 179 2181 circa
192 2106 327 2179 diaboli
345 2105 727 2201 circumscriptionem,
752 2106 1020 2199 illamservare,
1044 2108 1141 2179 'hanc

83 2204 243 2278 refutare
267 2227 343 2278 non
365 2204 545 2281 sttslinens.
608 2206 704 2278 Hinc
731 2209 841 2299 prima
859 2204 1007 2299 judicii,
1040 2204 1140 2277 unde

37 2317 39 2338 ²
81 2304 198 2377 delicti
217 2306 342 2400 origo:
373 2307 457 2377 hinc
473 2306 572 2379 Deus
592 2304 689 2378 irasci
706 2304 876 2397 exorsus,
904 2305 1002 2377 unde
1018 2304 1140 2377 offen·

84 2404 167 2477 dere
191 2405 304 2477 homo
327 2404 499 2479 induc‘lns.
550 2404 638 2479 Inde
659 2408 695 2476 in
712 2406 796 2477 Doo
819 2408 932 2497 prima
950 2406 1139 2496 patientia,

83 2504 178 2575 unde
196 2504 393 2599 indignatio
414 2505 536 2597 prima.
595 2506 668 2597 Qui
690 2520 775 2575 tame
795 2502 1042 2576 maledictione
1063 2502 1140 2575 sola

83 2618 309 2695 conteritur,
347 2606 391 2674 ab
420 2602 731 2675 animadversionis
755 2605 892 2691 impetu
922 2602 958 2671 in
992 2600 1140 2671 diabolo

83 2703 312 2795 temperavit
363 2700 441 2771 Aut
462 2701 560 2790 quod
585 2701 717 2771 crimen
743 2716 826 2768 ante
849 2697 940 2767 istud
956 2697 1141 2787 impatien-

85 2802 140 2875 tiae
162 2798 342 2873 admissum
359 2799 496 2871 homini
521 2796 741 2893 imputatur?
773 2796 953 2867 Innocens
976 2809 1078 2888 crat,
1106 2795 1141 2869 da

84 2899 166 2975 Deo
182 2901 227 2973 de
242 2901 409 2992 proximo
424 2899 576 2991 amicus,
597 2896 789 2991 &paradisi
806 2897 970 2969 colonus.
1010 2893 1064 2967 Ar
1077 2896 1141 2970 ubi

85 2998 187 3075 semel
212 2997 359 3072 succidit
380 2999 628 3093 impatientiae,
663 2996 790 3070 desivit
806 2994 890 3067 Deo
911 2992 1051 3089 sapere,
1080 2996 1141 3069 de·

84 3100 163 3175 savit
186 3097 341 3171 colestia
366 3094 533 3171 sustinere
558 3096 669 3189 posse.
729 3094 870 3167 Exinde
892 3096 1005 3169 homo
1031 3110 1140 3167 terrae

83 3198 207 3291 danis,
235 3198 270 3269 dr
283 3198 326 3269 ab
341 3198 454 3270 oculis
473 3196 543 3271 Dei
556 3196 708 3289 ejecitis,
727 3194 830 3269 facile
844 3192 1000 3288 usurpari
1016 3197 1058 3266 ab
1075 3195 1140 3267 im·

83 3298 256 3391 patientia
288 3298 396 3389 coepit
425 3297 461 3369 in
493 3318 603 3370 omne
636 3294 734 3388 quod
766 3294 884 3366 Deum
919 3294 1137 3366 offenderet

81 3393 177 3471 Nam
194 3396 309 3469 statim
326 3397 386 3469 illa
400 3393 529 3469 semine
545 3396 677 3469 diaboli
693 3408 894 3486 concepta,
919 3392 1061 3465 malitiae
1075 3390 1138 3461 soe·

82 3498 295 3588 canditate,
326 3498 413 3569 iram
436 3492 546 3568 illium
563 3494 788 3589 procreavit:
813 3494 949 3565 editum
969 3490 1037 3562 suis
1055 3491 1139 3562 arti-

81 3596 149 3669 bus
165 3595 308 3671 erudiit
360 3594 473 3693 Quod
488 3596 581 3667 enim
600 3592 710 3687 ipsum
722 3593 834 3665 Adam
851 3592 886 3661 dr
898 3588 1013 3661 Evam
1025 3591 1138 3662 morti

81 3692 322 3789 immerserat,
349 3694 473 3767 docuit
495 3696 529 3767 dr
551 3692 661 3769 silium
683 3694 725 3765 ab
748 3688 943 3765 homicidio
965 3687 1136 3779 incipere.

81 3792 227 3869 Frustra
247 3792 337 3867 istud
361 3794 588 3886 impatientiae
614 3790 877 3885 adscripserim,
909 3786 934 3859 fi
961 3787 1050 3861 Cain
1075 3790 1138 3864 ille

79 3898 215 3991 primus
240 3892 445 3983 homicida,
485 3892 669 3987 &primus
691 3888 890 3977 fratricida,
930 3889 1136 3962 oblationes

81 3992 160 4069 suas
178 4014 199 4063 a
214 3992 362 4066 domino
384 3990 557 4064 recusatas
576 3990 842 4082 equanimiter,
867 4008 936 4061 nec
952 3988 1137 4081 impatien-

81 4112 141 4169 ter
157 4092 258 4163 tulit:
280 4092 433 4166 fiiratus
453 4091 554 4166 fratri
569 4088 632 4165 suo
651 4086 814 4185 nonest,
837 4086 1059 4165 fineminem
1077 4085 1139 4159 de·

136 4185 272 4267 nnat.
300 4190 389 4267 Tam.
406 4192 452 4267 ΙΙ.
670 4186 702 4268 F
985 4190 1108 4287 nique
