2400 4590
84 489 171 585 ,¹⁷⁸
240 472 615 580 Q.Sse,a.F1.os.
639 473 1016 555 fisa-nunninus
1093 516 1097 523 =

18 682 37 743 ν
95 636 1176 837 ΜΨ

96 858 192 937 qnos
215 838 332 913 uellet
350 836 605 933 praedicam,
641 858 689 911 ex
713 836 949 931 providentia·
973 792 1162 916 imminen-

95 942 208 1032 uon,
232 937 309 1029 live
333 934 643 1013 eccledasticnrum
662 938 934 1030 tentationum,
964 936 1042 1013 slve
1057 962 1162 1015 mun·

95 1038 241 1115 «balium
259 1038 297 1131 pl
447 1088 462 1132 ,
487 1056 558 1129 qua
578 1044 803 1131 paracletus,
828 1037 865 1111 id
887 1036 940 1111 est
956 1037 1161 1115 sduocatus

95 1138 145 1217 ad
165 1156 305 1213 exoran
402 1134 581 1231 judicem,
605 1134 815 1231 huiusmodi
828 1131 1030 1213 officiorum
1044 1158 1161 1214 reme·

94 1238 157 1315 dia
176 1234 389 1339 mandabat,
413 1250 506 1331 puta
517 1256 618 1329 nunc
636 1234 681 1310 ad
703 1234 941 1311 exercendam
956 1234 1161 1313 sobrietatis
1192 1250 1194 1254 '

97 1334 373 1439 &abstinentie
389 1334 629 1430 disciplinam,
659 1334 758 1411 htmc
774 1335 836 1429 qui
851 1336 1067 1437 recipimus,
1097 1358 1163 1415 ne·

96 1432 247 1513 ces'urio
281 1437 502 1529 etiamque
543 1448 633 1509 mnc
665 1434 875 1529 constituit,
916 1433 1162 1517 observamus.

96 1534 233 1631 Aspice
249 1534 295 1609 sd
305 1534 468 1629 judaicos
484 1532 621 1629 fastos,
655 1534 692 1609 da
712 1533 879 1611 invenies
896 1534 1161 1635 nihilosecius,

94 1636 218 1729 lique
233 1634 392 1730 patribus
407 1631 489 1709 sunt
504 1647 704 1730 precepta,
728 1632 1029 1743 omniadeinceps
1042 1634 1165 1730 poste·

98 1736 188 1815 ritas
205 1732 427 1809 hereditaria
445 1734 623 1832 religione
636 1732 803 1811 custodit.
851 1728 1023 1850 Agunttu
1034 1752 1164 1832 prete·

95 1854 242 1931 reaper
256 1832 412 1909 Grecias
430 1833 492 1911 illa
510 1834 619 1909 certis
634 1834 778 1909 inloeia
795 1834 951 1909 conniis
967 1833 1004 1909 u
1019 1854 1068 1909 ex
1082 1837 1162 1913 uni·

95 1934 209 2009 uertis
228 1932 407 2027 ecclesiis,
432 1953 499 2029 per
520 1954 599 2027 que
620 1932 657 2008 dt
678 1934 812 2039 altiora
829 1950 980 2027 quasque
999 1933 1039 2008 in
1062 1956 1164 2011 com·

94 2054 205 2110 mune
221 2030 445 2126 mediantur,
475 2031 512 2107 u
527 2030 601 2127 ipu
622 2030 889 2127 representatis
908 2028 1027 2109 ‘totitas
1043 2035 1162 2111 nomi·

93 2134 152 2209 nit
166 2131 354 2207 Christiani
366 2152 494 2229 magna
503 2130 744 2207 veneratione
756 2130 986 2209 celebntm
1020 2130 1160 2209 Etthoc

94 2252 202 2325 quam
222 2231 366 2329 dignum
383 2227 456 2305 fide
481 2230 685 2326 auspicante
704 2231 917 2329 congregari
936 2230 1094 2327 undique
1113 2235 1161 2309 ad

93 2328 291 2407 Christum„
361 2333 444 2403 Vide
464 2356 559 2429 quant
581 2333 702 2411 ,imum
726 2331 766 2408 dl
788 2358 881 2429 quam
899 2335 1075 2431 jucundam
1099 2334 1163 2408 lla·

93 2432 199 2505 lirare
206 2431 333 2523 fratres
350 2435 390 2502 in
404 2455 525 2503 emm:
542 2431 616 2507 hoc
628 2445 671 2505 tu
681 2428 829 2526 psallere
841 2450 919 2506 non
929 2430 1036 2507 facile
1048 2432 1161 2528 nolli,

92 2524 420 2626 nlsrquotempore
437 2551 519 2607 cum
531 2532 915 2625 compluribuscoenas.
940 2530 1160 2611 Conventus

95 2648 218 2706 autem
232 2632 283 2707 illi
298 2629 509 2707 stationibus
530 2631 630 2729 prius
648 2630 687 2706 'dt
701 2631 984 2726 ieiunationibus
1002 2633 1159 2728 operati,

94 2730 225 2806 dolere
236 2752 317 2806 cum
329 2730 551 2826 dolentibus,
567 2730 666 2807 &ita
676 2729 819 2807 demum
832 2729 1059 2828 congaudere
1074 2752 1160 2829 gau·

93 2829 265 2905 dentibus
280 2848 430 2908 norunt
471 2830 508 2905 Si
521 2831 556 2905 u
570 2831 633 2905 ista
644 2829 805 2907 solennia
822 2830 950 2923 quibus
966 2842 1055 2903 tarne
1071 2852 1161 2925 prae-

94 2926 175 3003 sens
193 2930 439 3021 patrocinatus
459 2928 511 3002 est
534 2928 676 3021 sermo,
700 2950 771 3005 nos
792 2950 936 3022 quoque
955 2928 992 3003 in
1010 2929 1161 3007 diversis

92 3027 556 3201 frowffi‘iicsrfflngiffm'in
575 3027 700 3122 spiritu
718 3029 876 3105 invicem
900 3026 1158 3126 represented,

110 3145 193 3201 exe
253 3148 274 3199 a
314 3146 417 3200 amen
448 3183 457 3201 .

175 3242 231 3314 14.
258 3222 400 3300 Horum
414 3226 523 3322 igitur
542 3239 709 3322 tempora
726 3223 962 3300 observantes
978 3224 1106 3301 &dies
1122 3226 1160 3303 u

93 3322 235 3441 menses
253 3324 287 3396 da
307 3344 421 3399 annos
434 3326 676 3445 gallaticamur
691 3324 1076 3442 plan5‚liJudaicarun1
1093 3346 1160 3401 cae·

90 3443 337 3599 ‘dliii
354 3422 1160 3621 dissimilitudinis&

93 3624 183 3699 teris
210 3621 412 3698 testamenti
431 3623 470 3697 in
491 3622 633 3707 Christo
655 3622 784 3721 sepulti
806 3622 1106 3719 perseverantiam
1122 3622 1160 3699 δι

95 3719 333 3801 novifistens.
360 3722 509 3823 Quodfi
523 3744 624 3799 novt
642 3724 808 3800 conditio
821 3720 1018 3801 inchristo
1029 3718 1162 3819 sepulti

93 3818 348 3919 perseverant,
371 3826 444 3919 Jam
457 3820 778 3899 novadasolennia
792 3820 1077 3901 essedebebunt:
1096 3838 1161 3901 aut

95 3920 128 3997 ii'
141 3939 286 3997 omnem
301 3926 346 3998 in
355 3938 476 4000 totum
493 3922 732 3999 devotionem
747 3938 953 4017 temporum
969 3922 1005 3998 dt
1021 3924 1162 4001 diersnn

96 4018 134 4096 da
148 4019 317 4097 mensum
333 4022 369 4096 u
383 4043 560 4099 annorum
576 4023 681 4099 erasit
696 4020 920 4117 Apostolus,
945 4042 1010 4097 cur
1031 4023 1161 4121 pascha

11 4220 20 4245 x
95 4120 317 4231 delebimus
331 4142 455 4202 annuo
470 4122 609 4205 circulo
620 4124 661 4205 im
672 4118 793 4207 mense
807 4121 953 4223 paimei
978 4142 1043 4199 cur
1058 4124 1161 4217 quiu-
