2468 4530
80 506 156 583 714
222 481 272 583 Q.
297 476 437 555 Sara.
460 474 602 553 saon.
627 472 1024 555 Tsaruaarnrr

85 646 199 719 Unlia
218 642 253 715 ἃ
271 661 360 713 carae
375 637 501 711 tribuit
520 636 688 710 mandata
711 634 862 717 salutis.

84 746 157 820 Sub
172 744 313 815 ditione
327 739 427 813 dedit
448 754 580 825 terras,
606 740 833 830 animasque
850 742 1067 829 volantum,

83 846 357 931 pennatumque
371 858 502 933 genus,
529 837 711 931 pecudum
725 858 855 933 genus
872 860 990 915 omne
1003 838 1141 923 serarum

84 942 135 1017 Et
148 961 260 1037 genus
275 958 501 1029 aequoreum,
527 934 759 1009 &deformis
781 936 957 1011 monstra
972 960 1017 1011 na
1134 986 1142 1003 .

85 1043 341 1131 sedquoniam
365 1040 482 1129 primo
500 1032 733 1129 transgressus
747 1038 917 1111 crimine
937 1041 1073 1135 legem‚·

85 1144 233 1239 Jamjam
250 1140 382 1229 primus
402 1140 517 1211 homo
534 1136 682 1208 Domini
701 1137 886 1209 mandata
905 1139 1074 1229 reliquit,

87 1242 273 1331 Coniuge,
300 1258 378 1328 que
397 1238 488 1310 mala
505 1232 631 1308 cundia
647 1232 778 1327 suast,
806 1253 940 1311 morte
957 1242 1106 1331 peribat,

88 1340 305 1425 Peccatique
318 1339 448 1409 malum
466 1334 641 1409 commisit
654 1332 809 1407 soemina
822 1338 1013 1432 primum,

89 1434 389 1529 'l'ransgrell'aque
404 1433 502 1509 suum
520 1435 665 1527 decepit
682 1434 764 1527 lege
784 1440 989 1531 maritum,

89 1540 168 1615 Eva
189 1534 330 1607 indudta
346 1536 435 1607 dolo
452 1534 625 1626 patefecit
646 1532 770 1605 limina
786 1536 922 1625 letho,

87 1640 137 1711 Et
157 1636 217 1709 libi
234 1656 315 1708 cum
332 1654 463 1725 genere
479 1634 688 1727 procreavit
706 1630 843 1705 lunera
858 1648 968 1711 toto.
1039 1656 1049 1667 ·

87 1738 185 1811 Hinc
195 1732 296 1807 nesas
310 1736 507 1821 incautum,
524 1752 621 1807 mors
637 1732 837 1823 hincquasr
853 1732 986 1809 semen
997 1735 1035 1809 in
1048 1756 1135 1815 trun

86 1835 288 1931 Spargitur:
314 1834 397 1905 inde
413 1836 523 1927 magis
539 1832 676 1906 facinus
691 1834 918 1924 percrebuit
932 1848 1060 1929 anon,

88 1936 214 2027 Atque
229 1936 332 2007 labor
350 1946 561 2025 corruptum
579 1932 728 2027 agitavit
742 1930 880 2004 saevior
899 1937 1045 2011 orbem.

88 2034 248 2109 Callidus
271 2036 342 2105 hoc
361 2034 445 2104 zelo
464 2029 609 2123 serpena
626 2030 744 2103 illexit
764 2032 803 2102 in
822 2030 930 2125 rpso,

89 2136 177 2214 lnde
193 2136 301 2225 magis
316 2132 439 2221 populi
457 2128 644 2201 accersunt
659 2128 845 2203 commissa
864 2134 1070 2226 malorum,

89 2232 212 2323 Atque
233 2230 385 2302 nefanda
400 2230 499 2302 malis
518 2242 741 2320 pepererunt
758 2226 901 2303 semina
921 2232 1036 2308 fastis.

136 2358 168 2419 4-
199 2330 334 2400 idcirco
356 2328 536 2400 Dominus
554 2324 669 2411 solus,
697 2330 756 2399 cui
776 2326 921 2404 summa
941 2330 1110 2422 potestas,

85 2428 136 2503 Et
158 2428 261 2523 super
281 2430 350 2499 alta
374 2444 502 2499 tenens
525 2426 646 2501 summi
669 2425 804 2522 fastigia
827 2433 938 2521 coeli‚

88 2532 215 2603 llltum
235 2532 272 2601 in
291 2528 463 2621 praecelsrs
484 2530 646 2601 habitans
667 2529 704 2599 in
727 2523 848 2600 secula
869 2530 1023 2605 lumen:

89 2628 345 2719 Prusentisque
368 2648 533 2719 memor,
559 2648 704 2719 quoque
725 2626 897 2719 praescius
916 2647 1008 2703 ante
1027 2630 1133 2721 sutun',

87 2730 302 2825 Progeniem
317 2728 432 2801 meriti
448 2728 633 2800 decretum
649 2724 768 2798 servat
782 2726 821 2799 in
838 2748 986 2803 avum:

88 2828 138 2903 Et
152 2826 295 2900 cunclas
312 2830 462 2905 animas,
490 2839 565 2900 tum
585 2845 741 2915 corpora
757 2826 858 2899 tarda
872 2832 1101 2921 gubernans,

90 2932 180 3023 Quae
201 2928 344 2998 ratione
361 2940 520 2999 movent
534 2926 720 2999 hominem
740 2944 807 3018 per
824 2928 944 2999 multa
962 2944 1136 3025 vagantem

88 3026 145 3098 Ut
162 3028 310 3119 primum
330 3024 435 3116 posrti
454 3026 697 3099 membrorum
714 3024 879 3117 pondera
895 3030 1059 3125 cedunt,

89 3126 333 3213 Terrenisque
354 3126 454 3197 leves
474 3123 639 3198 resolutis
654 3126 807 3197 nexibus
827 3125 964 3220 ibunt,

88 3225 149 3299 Ac
167 3228 328 3319 proprias
344 3226 491 3315 capient
506 3221 652 3297 diversis
668 3224 827 3315 partibus
845 3244 946 3301 oras.

89 3324 155 3398 nst
175 3328 258 3397 alias
280 3325 369 3396 lutis
390 3326 556 3396 revocari
578 3326 744 3417 protinus
765 3325 881 3411 auris,

89 3424 230 3497 Servari
246 3426 388 3517 penitus
404 3425 559 3496 decretu
573 3424 617 3495 ad
636 3422 780 3515 praemia
800 3423 914 3517 legis,

89 3524 186 3599 Dum
202 3530 311 3596 motis
328 3526 457 3597 iterum
474 3520 692 3595 revirescant
707 3542 865 3615 corpora
881 3526 1076 3614 membris,

89 3622 167 3697 Illic
187 3626 343 3694 occultis
357 3622 570 3696 claudentur
585 3642 694 3715 prava
711 3624 883 3695 tenebris.

88 3722 197 3795 Tunc
215 3724 380 3795 homines
402 3726 522 3813 primae
540 3720 686 3814 pensare
701 3722 845 3814 praemla
861 3722 949 3793 vitae

87 3824 286 3913 incipient,
313 3822 522 3912 crimenque
538 3820 636 3893 suurn
655 3821 852 3912 culpasque
869 3836 1022 3917 putare,

89 3920 137 3992 Et
154 3922 265 4013 poenis
286 3924 461 4013 retinere,
487 3921 617 4014 procul
632 3922 677 3993 de
692 3934 812 3993 morte
836 3919 994 4016 suturis,

87 4020 307 4111 Jrrdiciisque
326 4018 393 4091 Dei
411 4039 592 4094 memores
611 4017 720 4091 astare
738 4021 910 4111 piorum,

93 4116 286 4218 Expellere
307 4114 402 4193 suam
422 4120 639 4210 suorumque
656 4139 701 4191 ex
722 4120 878 4193 crimine
896 4139 1081 4291 pompm.di

1002 4240 1047 4292 un
1081 4257 1093 4269 ·
