2468 4530
354 510 896 587 naPnrranrtn.
1108 520 1152 613 83

97 690 199 763 quam
226 690 304 743 non
326 692 390 787 per
416 674 669 765 impatientiam
694 671 934 765 delinquendo
957 673 1151 763 perierunt.

96 770 299 867 Quomodo
325 786 445 845 autem
470 774 655 865 prophetis
683 796 806 847 manns
829 774 1053 866 intulerunt,
1086 776 1151 849 nisi

10 938 15 950 ‚
94 890 154 963 per
173 871 433 963 impatientiam
452 874 609 946 erudiendi
629 872 646 945 'i
678 872 826 945 domino
846 887 964 945 autem
979 870 1062 964 ipsi,
1085 874 1150 967 per¹

10 1023 16 1033 .
93 968 350 1065 impatientiam
386 974 491 1043 etiam
521 972 677 1047 videndi.
747 972 860 1069 Quod
890 972 914 1045 sr
944 972 1151 1065 patientiam

10 1081 16 1109 '
91 1068 251 1155 initient,
278 1071 522 1147 liberarentur.

162 1172 200 1243 6.
230 1166 308 1263 lpsa
331 1170 422 1242 adeo
446 1170 522 1265 est,
556 1193 633 1263 quae
656 1168 762 1245 fidem
785 1168 820 1243 ἃ
843 1167 1082 1264 subsequitur,
1117 1170 1152 1243 dt

10 1321 12 1329 .
93 1267 284 1344 antecedit.
341 1268 509 1361 Denique
529 1270 711 1343 Abraham
730 1270 813 1343 Deo
836 1268 1008 1361 credidit,
1042 1270 1152 1363 &ju-

9 1418 21 1431 .
91 1362 190 1439 stitiae
213 1368 404 1460 deputatus
429 1370 472 1441 ab
495 1370 559 1443 illo
582 1370 650 1443 est:
676 1369 735 1443 sed
756 1368 861 1445 fidem
882 1370 957 1463 ejus
979 1370 1152 1462 patientia

10 1517 22 1531 .
91 1468 291 1558 probavit,
326 1489 408 1539 cum
430 1466 536 1542 filium
560 1471 743 1543 immolare
763 1468 870 1563 julius
897 1468 972 1560 est,
1000 1468 1044 1540 ad
1066 1466 1151 1543 fidei

10 1574 24 1629 '.
91 1584 165 1639 non
185 1566 426 1642 tentationem
449 1570 619 1661 dixerim,
655 1567 715 1643 sed
738 1572 895 1661 typicam
917 1566 1152 1641 contestatio·

14 1675 22 1687 '
90 1684 182 1741 nem.
239 1664 415 1739 Caeterum
427 1666 528 1739 Deus
547 1688 648 1758 qrrem
663 1656 804 1761 justitiae
821 1668 1040 1760 deputasset,
1067 1664 1151 1739 scie-

10 1815 24 1829 .
91 1762 160 1839 bat.
214 1762 307 1839 Tam
320 1787 431 1861 grave
444 1786 680 1861 praeceptum,
708 1768 805 1859 quod
822 1791 890 1841 nec
907 1768 1055 1841 domino
1071 1788 1150 1859 per·

10 1913 23 1927 .
92 1856 146 1935 fici
161 1865 354 1958 placebat,
382 1869 559 1959 patienter
575 1868 610 1938 dt
625 1868 781 1961 audivit,
809 1868 881 1940 &si
901 1866 1000 1939 Deus
1018 1863 1151 1957 voluis·

10 2008 24 2025 -
92 1956 158 2055 set,
184 1962 372 2057 implellet.
430 1964 569 2039 Merito
587 1986 675 2063 ergo
694 1966 921 2059 benedistus,
956 1968 1036 2059 quia
1059 1960 1150 2037 &fi-

93 2062 195 2135 delis:
229 2066 360 2136 merito
380 2060 516 2158 fidelis,
550 2066 684 2157 quia&
707 2070 856 2160 patiens.
907 2066 959 2139 lta
981 2062 1068 2138 fides
1088 2087 1148 2159 pa-

91 2160 215 2235 tientia
232 2164 448 2255 illuminata,
475 2186 556 2238 cum
569 2168 604 2237 in
623 2167 788 2239 nationes
804 2164 1056 2257 seminaretur,
1083 2186 1147 2257 per

10 2313 25 2326 .
92 2257 206 2333 semen
228 2258 410 2355 Abralrae,
445 2264 542 2354 quod
567 2264 617 2338 est
637 2264 816 2357 Christus,
856 2266 1057 2361 &gratiam
1077 2266 1148 2361 legi

11 2413 23 2425 .
91 2356 371 2453 superduceret,
409 2364 613 2457 amplianda
634 2364 933 2457 adimplendaeque
957 2366 1026 2459 legi
1052 2365 1148 2455 adju-

91 2461 215 2533 tricem
228 2458 324 2532 suam
341 2464 547 2554 patientiam
568 2464 746 2557 praesecit,
774 2464 871 2555 quod
885 2488 927 2536 ea
943 2462 1017 2535 sola
1035 2464 1077 2533 ad
1094 2466 1148 2551 jn-

10 2624 20 2641 ,
92 2556 190 2631 stitiae
211 2558 408 2633 doctrinam
430 2576 530 2634 retro
551 2560 723 2635 defuisset.
781 2562 876 2634 Nam
899 2565 984 2635 olim
1008 2562 1042 2631 bt
1062 2582 1149 2631 ocu·

92 2656 160 2731 lum
178 2680 249 2751 pro
270 2660 407 2749 oculo,
434 2660 468 2731 u
488 2661 630 2731 dentem
648 2682 716 2749 pro
733 2659 841 2731 dente
856 2658 1088 2751 repetebant,
1116 2658 1150 2729 dt

10 2809 18 2821 .
93 2760 219 2831 malum
244 2762 341 2833 malo
367 2757 606 2829 foenerabant:
635 2760 796 2829 nondum
815 2760 908 2829 enim
928 2756 1150 2848 patientiain

10 2907 17 2921 .
94 2860 213 2947 terris,
236 2860 317 2949 quia
332 2880 399 2929 nec
416 2854 522 2929 fides:
549 2854 682 2931 scilicet
696 2858 837 2929 interim
852 2857 1071 2953 impatientia
1087 2878 1149 2929 oc·

10 2987 20 3035 r
95 2956 290 3029 canonibus
315 2959 400 3053 legis
426 2958 617 3032 fruebatur.
679 2954 799 3031 Facile
824 2972 899 3030 erat
919 2954 1062 3029 absente
1083 2957 1148 3030 do·

10 3107 20 3119 -
94 3058 185 3131 mino
201 3057 382 3148 patientiae
399 3058 434 3129 st
454 3056 629 3153 magistro.
684 3057 757 3155 Qui
773 3056 958 3149 postquam
979 3055 1146 3149 superve-

10 3186 21 3235 ξ
94 3158 162 3250 nit,
193 3156 400 3250 &gratiam
427 3154 507 3228 srdei
532 3156 704 3249 patientia
729 3155 951 3251 composuit,
983 3158 1053 3249 jam
1077 3178 1147 3227 nec

10 3286 24 3334 e
96 3258 208 3329 verbo
240 3256 381 3345 quidem
407 3254 605 3347 lacessere,
641 3277 710 3327 nec
731 3256 826 3346 sanie
855 3258 994 3348 quidem
1027 3256 1148 3326 dicere

92 3352 156 3428 fine
178 3354 306 3447 judicii
331 3356 492 3448 periculo
517 3357 613 3430 licet.
675 3354 860 3429 Prohibita
881 3358 960 3447 ira,
1000 3351 1148 3425 restricti

10 3485 24 3531 e
93 3456 217 3546 mimi,
246 3453 440 3549 compressa
455 3456 649 3547 petulantia
663 3477 806 3549 manus,
827 3473 1007 3529 exemtum
1019 3454 1148 3545 lingue

13 3564 21 3575 ·
92 3572 303 3649 venenum,
335 3557 413 3648 plus
436 3556 494 3627 lex
520 3576 623 3645 quam
645 3556 776 3649 amisit,
810 3556 970 3627 invenit:
1004 3550 1147 3623 dicente

10 3678 25 3729 ἰ
89 3650 253 3729 Christo·
287 3658 425 3749 Diligite
444 3661 587 3725 inimicos
606 3656 742 3751 vaslius,
767 3654 806 3731 (5
826 3652 1082 3724 maledicentibus
1099 3650 1148 3719 be·

10 3800 24 3817 -
88 3756 245 3827 mdicite:
271 3762 309 3831 U
332 3770 418 3827 orale
439 3775 495 3849 pro
515 3756 753 3851 perscrutamini
779 3756 908 3849 vestris,
940 3768 978 3819 ut
989 3750 1060 3838 filii
1072 3750 1147 3845 filii·

10 3900 22 3916 -
86 3862 191 3947 patris
215 3857 318 3945 veslri
339 3854 473 3949 celassis.
524 3854 637 3927 Vides
665 3876 769 3947 quem
792 3854 900 3925 nobis
926 3860 1059 3943 patrem
1085 3871 1146 3943 pa·

88 3954 221 4029 tientia‘
240 3952 431 4050 adquirat?
466 3954 550 4027 Hoc
572 3953 757 4047 principali
777 3964 959 4047 praecepto
981 3946 1146 4025 universa

10 4099 15 4111 ·
86 4056 271 4145 patientiae
291 4053 472 4145 disciplina
494 4052 667 4127 succindia
692 4051 766 4145 est,
802 4050 944 4145 quando
968 4074 1015 4127 ne
1038 4051 1147 4145 digne

85 4158 235 4253 quidem
253 4152 464 4233 malefacere
481 4152 684 4229 concellum
697 4149 758 4230 est.

549 4250 585 4327 F
605 4276 628 4329 2
985 4256 1131 4364 plato
