2400 4590
107 496 179 567 240
253 475 302 575 Q.
327 470 463 547 Sara.
489 468 628 545 Faon.
652 468 1016 544 Tnaauaarnur

103 634 190 711 ideo
206 632 313 707 unius
326 628 396 709 else
410 629 530 709 desrita
556 644 598 703 ut
612 631 745 705 desmat
754 632 961 707 monarchia
975 627 1067 724 esse,
1085 634 1176 727 quia

131 754 171 807 er
186 744 287 805 tanta
306 730 416 805 millia
432 730 610 807 virtutum
631 744 869 824 procuratur:
903 733 1008 823 quale
1025 730 1102 825 est,
1127 740 1175 809 ιη’

144 854 207 907 eus
227 830 438 905 divisionem
457 828 751 927 &disperfionem
766 832 841 929 pati
858 830 1024 903 videatur
1037 832 1074 905 in
1089 828 1172 907 filio

105 931 195 1006 &in
215 929 336 1025 spiritu
357 926 497 1021 saneto,
524 928 714 1004 secundum
737 929 771 1002 &
793 930 940 1005 tertium
958 928 1095 1009 sortitis
1114 934 1173 1007 lo-

104 1052 214 1126 cum,
240 1043 313 1102 tam
335 1029 562 1103 consortibus
584 1027 781 1103 substantiae
809 1030 941 1122 patris,
975 1051 1061 1120 quas
1086 1052 1171 1108 non

102 1130 238 1226 patitur
261 1130 298 1201 in
318 1142 378 1202 tot
397 1132 606 1224 angelorum
626 1128 805 1202 numero?
832 1128 880 1201 Et
897 1127 1040 1220 quidem
1054 1146 1128 1203 tam
1147 1152 1170 1205 a

103 1228 294 1305 substantia
308 1228 429 1322 patris.
455 1226 621 1301 Membra
633 1228 668 1301 dr
680 1231 850 1325 pignora,
870 1227 906 1300 δι
919 1228 1168 1327 instrumenta,

104 1332 139 1404 d:
164 1328 272 1423 ipsam
296 1330 392 1421 vim,
419 1350 460 1400 ac
485 1340 604 1402 totum
630 1326 772 1402 censum
796 1330 1034 1419 monarchiae,
1061 1350 1169 1405 ever·

101 1429 238 1505 sronem
261 1427 409 1520 deputas
436 1426 538 1519 ejus?
571 1449 646 1500 non
671 1426 778 1503 redte.
829 1428 933 1499 Malo
959 1443 996 1501 te
1022 1429 1066 1501 ad
1092 1428 1169 1505 sen·

102 1529 176 1604 sum
191 1529 262 1620 rei,
280 1548 383 1618 quam
394 1526 441 1599 ad
456 1525 580 1600 sonum
595 1528 763 1607 vocabuli
778 1547 957 1603 exerceas.
1009 1526 1166 1605 Eversio

102 1630 198 1703 enim
223 1627 439 1701 monarchiae
460 1627 520 1700 illa
545 1625 597 1701 est
621 1628 687 1699 tibi
707 1625 959 1723 intelligenda,
987 1648 1069 1701 cum
1095 1630 1165 1703 alia

103 1728 330 1819 dominatio,
357 1724 424 1799 sue
442 1727 661 1800 conditionis
679 1726 714 1799 δι
732 1730 867 1821 proprii
886 1725 1016 1820 status,
1043 1750 1086 1800 ac
1099 1748 1167 1825 per

102 1830 177 1905 hoc
199 1828 342 1920 aemula,
368 1823 635 1920 superducitur,
663 1848 751 1900 cum·
771 1829 857 1899 alius
881 1825 982 1898 Deus
1008 1827 1165 1903 insertur

102 1926 270 2002 adversus
295 1942 505 2001 creatorem.
554 1924 662 1999 Tunc
687 1930 800 2020 male,
834 1947 914 1999 cum
940 1927 1083 2020 plures,
1115 1928 1165 2003 se·

103 2028 257 2101 cundum
283 2027 522 2119 Valentinos,
555 2025 809 2121 &prodigos3
845 2039 934 2099 tunc
958 2026 994 2099 in
1020 2047 1164 2101 monar-

103 2130 190 2201 chiae
211 2126 454 2217 cretionem,
482 2147 564 2199 cum
588 2127 624 2198 in
649 2128 823 2199 creatoris
850 2124 1136 2203 destrustionem.

176 2249 210 2313 4.
239 2225 438 2318 Caeterum,
465 2227 525 2316 qui
540 2221 650 2298 filium
665 2246 740 2298 non
757 2227 898 2299 aliunde
914 2225 1077 2319 deduco,
1100 2223 1163 2302 sed

103 2325 147 2400 de
173 2325 360 2397 substantia
385 2326 518 2419 patris,
543 2324 630 2398 nihil
654 2322 846 2398 facientem
870 2325 941 2398 srne
964 2328 1075 2416 patris
1093 2349 1164 2400 vo·

101 2430 264 2517 luntate,
304 2444 448 2498 omnem
480 2446 500 2496 a
530 2438 631 2517 patre
663 2424 896 2497 consecutum
928 2424 1163 2517 potestatem:

102 2526 290 2621 quomodo
324 2523 462 2620 possum
496 2522 541 2597 de
573 2520 645 2596 fide
680 2523 858 2598 destruere
892 2527 1162 2622 monarchiam,

102 2648 207 2719 quam
232 2648 252 2697 a
276 2640 378 2717 patre
402 2621 479 2697 filio
505 2622 695 2718 traditam,
729 2625 765 2698 in
791 2621 867 2697 filio
899 2621 1035 2696 servo?
1074 2626 1163 2701 Hoc

100 2727 185 2802 mihi
209 2725 244 2796 dt
263 2726 299 2796 in
323 2725 468 2798 tertium
490 2723 635 2820 gradum
656 2723 785 2798 didam
809 2723 870 2817 srt,
897 2724 978 2812 quia
999 2720 1161 2814 spiritum

102 2849 177 2901 non
194 2824 335 2897 aliunde
353 2841 465 2918 puto,
494 2844 597 2916 quam
615 2845 635 2897 a
654 2840 777 2919 patre,
803 2843 867 2916 per
889 2818 1009 2895 filium.
1063 2825 1162 2901 Vide

102 2946 211 3018 ergo,
236 2944 284 2993 ne
298 2935 338 2992 tu
352 2925 473 3013 potius
489 2924 731 2996 monarchiam
753 2922 931 3013 destruas,
958 2922 1017 3012 qui
1044 2923 1163 3017 dispo·

100 3025 265 3098 srtionem
283 3020 318 3092 dr
337 3019 631 3115 dispensationem
649 3023 723 3113 ejus
737 3023 897 3112 evertis,
913 3021 950 3093 in
968 3024 1033 3093 tot
1044 3025 1164 3097 nomi·

100 3123 207 3197 nibus
226 3119 477 3213 constitutam,
503 3122 541 3193 in
562 3135 655 3212 quot
671 3121 773 3194 Deus
794 3123 923 3194 voluit.
974 3118 1079 3194 Adeo
1098 3144 1162 3195 au·

100 3236 176 3297 tem
199 3232 321 3292 manet
345 3220 382 3290 in
408 3217 471 3291 suo
497 3218 608 3312 statu,
634 3221 720 3294 licet
737 3221 875 3293 trinitas
896 3220 1092 3313 inferatur,
1118 3241 1163 3297 ut

101 3325 207 3397 etiam
231 3318 367 3391 restitui
388 3320 517 3392 habeat
536 3320 649 3415 patri,
676 3343 696 3392 a
716 3319 805 3395 filio.
855 3320 1034 3411 Siquidem
1054 3320 1160 3416 Apo·

99 3422 211 3498 stolus
237 3417 357 3491 scribit
382 3419 426 3491 de
453 3422 581 3493 ultimo
606 3417 701 3514 fine,
735 3447 803 3491 cum
827 3422 996 3491 tradiderit
1028 3444 1161 3513 regnum

100 3528 169 3596 Deo
194 3525 232 3596 (5
254 3526 354 3616 parri.
414 3519 578 3613 Oportet
610 3523 703 3594 enim
729 3544 808 3594 eum
833 3540 1009 3613 regnare,
1042 3542 1161 3611 usque

99 3625 185 3698 dum
210 3633 322 3713 ponat
346 3618 510 3693 inimicos
529 3622 603 3715 ejus
617 3620 719 3694 Deus
735 3620 796 3694 sub
812 3619 921 3714 pedes
940 3620 1066 3712 ipsrus3
1095 3620 1161 3697 sci·

98 3726 186 3799 licet
207 3719 395 3792 secundum
415 3716 600 3811 psalmum:
627 3718 702 3791 Sede
721 3724 760 3792 ad
783 3724 941 3791 dexteram
962 3746 1080 3811 meam,
1106 3726 1163 3794 da·

98 3847 156 3894 nec
175 3842 290 3917 pomam
317 3826 461 3891 inimicos
487 3839 554 3891 ruas
573 3820 733 3908 scabesum
755 3823 858 3915 pedem
883 3836 1018 3891 tuorum.
1076 3826 1160 3894 Cum

98 3937 203 3995 eurem
211 3921 351 4019 subjessa
365 3938 462 3993 erunt
475 3923 527 3990 ita·
542 3924 665 4003 omnia,
685 3915 842 4013 (absque
857 3940 924 4012 e0,
953 3922 1010 4011 qui
1029 3923 1061 3992 ei
1078 3919 1159 3996 sub·

94 4019 184 4115 jecit
202 4020 356 4119 omnia)
381 4039 457 4092 runc
476 4028 514 4097 σ
535 4018 595 4115 ipsa
606 4017 794 4115 subjicietur
813 4022 879 4101 isi,
906 4028 963 4115 qui
985 4022 1159 4118 aisahjecir

97 4125 220 4210 omnia,
245 4135 283 4191 ut
300 4123 344 4214 fir
366 4126 453 4197 oeus
470 4126 575 4194 omnia
590 4118 792 4195 inomnibus.
840 4119 1015 4198 Videmus
1031 4123 1157 4222 igitur,

1028 4241 1108 4298 non
