2400 4590
73 517 121 593 tt
213 508 264 611 Q.
287 504 424 583 Strr.
448 501 589 581 Fton.
614 496 978 578 Tnaruutrarer

71 673 130 751 bis
142 669 384 765 repromittit,
409 666 550 741 dicens:
580 662 765 737 Vrndr‘iiam
777 665 876 749 milii,
896 664 934 741 o
952 686 1000 757 ego
1013 686 1042 733 o

72 772 163 845 eaba:
192 766 316 863 idest,
341 766 551 840 Patientiam
569 766 680 859 mihi,
706 764 825 861 &ego
844 764 1042 861 patientiam

71 872 282 948 mtmetabt).
333 864 425 939 Cum
438 866 534 941 enim
546 865 652 955 dicit,
678 866 791 939 Nolite
798 867 963 965 judicate,
987 889 1043 957 ne¹

72 976 214 1062 remini,
247 988 370 1039 nonne
396 962 602 1063 patientiam
623 963 786 1059 flagitati
824 968 913 1067 Quis
937 967 1030 1038 enim

69 1070 247 1164 judicabit
260 1068 387 1159 alium,
417 1066 479 1139 nist
495 1066 554 1157 qui
568 1065 706 1157 patiens
720 1068 876 1139 eritnon
889 1063 1042 1139 defende*

73 1170 168 1269 Quis
193 1167 330 1241 idcirco
348 1165 506 1259 judicat,
531 1178 573 1235 ut
595 1162 783 1258 ignoscat?
821 1166 877 1239 Ae
900 1164 926 1241 st
952 1166 1042 1259 igno

72 1280 196 1341 tamen
224 1266 414 1355 judimntis
444 1264 698 1357 impatientiam
730 1266 854 1357 cavit,
892 1264 1042 1337 &hone

72 1368 172 1441 unici
190 1366 343 1459 judicis,
375 1364 412 1436 id
434 1362 486 1435 est
502 1362 600 1453 Dei,
633 1362 784 1437 abstulit.
843 1368 1010 1463 Quantos
1036 1386 1042 1407 ¹

74 1464 176 1541 casus
208 1463 411 1557 hujusmodi
443 1463 662 1555 impatientia
696 1460 872 1536 incursare
911 1460 1042 1535 consue

76 1568 262 1681 Quotiens
276 1562 443 1655 poenituit
460 1560 730 1635 defenfionemt
769 1564 949 1662 Quotiens
968 1561 1042 1634 inst:

74 1686 155 1759 epus
178 1664 339 1738 deterior
361 1660 452 1735 fasta
478 1660 529 1737 est
555 1660 674 1736 cauffis
695 1660 794 1735 suist
834 1664 1016 1761 Quoniam

74 1764 297 1857 impatientia
320 1760 550 1857 susceptum,
585 1760 657 1835 fine
681 1762 815 1855 impetu
841 1762 986 1859 transigi
1009 1783 1042 1832 ni

74 1864 168 1941 nihii
188 1864 323 1957 impetu
343 1860 479 1951 atium,
514 1873 669 1934 autnon
693 1858 867 1954 offendit,
900 1877 961 1935 aut
980 1881 1042 1932 cor

76 1979 142 2037 aut
156 1982 312 2056 praeceps
325 1963 423 2038 abiit.
473 1960 549 2053 Jam
562 1960 587 2035 fi
602 1960 717 2033 levius
733 1960 950 2051 defendaris,
967 1958 1042 2033 insa:

75 2066 102 2140 ii
117 2062 284 2151 uberius,
307 2060 525 2135 oneraberis.
573 2060 671 2159 Quid
689 2060 774 2134 mihi
791 2081 871 2133 cum
887 2062 1042 2149 uitione.

72 2164 135 2256 jus
150 2160 296 2235 modum
312 2180 437 2255 regere
457 2180 533 2232 non
551 2156 687 2252 polium
709 2180 772 2251 per
793 2160 1042 2252 impatientiam

76 2260 197 2334 torisa
231 2260 343 2353 Quod
363 2260 387 2332 sr
410 2260 587 2353 patientiae
605 2258 807 2352 incubabo,
832 2282 908 2335 non
926 2260 1042 2333 dolen

76 2380 155 2437 non
171 2359 328 2450 dolebo,
352 2357 474 2432 ulcisci
488 2378 564 2431 non
586 2356 803 2434 desiderabo.

158 2480 214 2533 11.
242 2456 326 2531 Post
339 2458 402 2533 has
419 2457 629 2552 principales
646 2459 872 2551 impatientiae
886 2462 1042 2533 materias

77 2558 290 2655 potuimus,
317 2556 493 2655 regestas,
525 2556 610 2649 quid
630 2556 725 2629 inter
745 2573 888 2633 caeteras
912 2582 1042 2655 evagen

80 2680 160 2751 quae
175 2656 294 2752 domi,
319 2678 397 2751 qua
414 2656 531 2731 foris?
563 2656 654 2731 Lata
670 2671 776 2749 atque
797 2658 919 2733 diffusa
938 2658 988 2731 est
1011 2680 1042 2751 oi

78 2760 136 2833 tio
157 2760 259 2832 mali:
290 2760 499 2851 multipiicia
523 2756 661 2849 spiritus
683 2760 910 2835 incitamenta
933 2760 1042 2850 jacula

80 2854 119 2931 dt
139 2854 252 2929 modo
276 2858 454 2949 parvula,
488 2856 600 2933 modo
624 2859 784 2931 maxima.
835 2858 904 2932 Sed
922 2860 1042 2953 parvui

80 2956 144 3033 sua
163 2954 412 3027 mediocritate
432 2968 663 3045 contemnas,
689 2958 848 3031 maximis
871 2980 936 3051 pro
960 2956 1042 3031 stra«

80 3054 244 3153 perantia
259 3054 375 3127 cedas.
424 3053 499 3127 Ubi
514 3056 631 3127 minor
649 3054 795 3149 injuria,
820 3057 868 3129 ibi
885 3058 1042 3130 nullane

80 3168 139 3231 tas
152 3154 391 3245 impatientia.
449 3149 500 3223 At
518 3152 579 3227 ubi
596 3153 710 3244 maior
734 3156 883 3249 injuria,
919 3157 967 3230 ibi
986 3179 1042 3230 ne<

81 3256 160 3329 rior
173 3252 306 3345 injuriae
321 3252 478 3347 medela,
495 3254 675 3343 patientia.
719 3253 902 3329 Certemus
919 3258 1042 3349 igitur,

83 3354 215 3428 amalo
227 3350 454 3451 infliguntur,
481 3349 665 3443 sustinere,
691 3370 733 3425 ut
746 3354 855 3429 hostis
871 3354 1042 3429 studiuma

78 3454 174 3529 ‘latio
197 3450 325 3527 nostrae
347 3452 613 3543 aequanimitatis
637 3454 766 3529 eludat.
818 3454 852 3525 Si
874 3476 963 3529 vero
982 3476 1042 3548 qua

82 3552 146 3645 ipsi
164 3554 202 3627 in
218 3574 316 3645 nos,
347 3566 408 3625 aut
428 3551 693 3648 imprudentia,
728 3569 788 3625 aut
808 3553 935 3648 sponte
960 3558 1042 3627 etin·

82 3650 341 3747 perducimus,
374 3672 473 3742 aeque
498 3653 675 3743 patienter
701 3657 901 3747 obeamus,
936 3677 1011 3748 quae
1034 3677 1042 3727 1

82 3749 310 3841 imputamus.
368 3752 480 3849 Quod
501 3752 526 3825 ir
550 3774 571 3823 a
592 3752 738 3829 domino
765 3758 938 3829 nonnulla
966 3756 1042 3827 cree‘

83 3846 226 3943 incuti,
258 3850 315 3925 cui
333 3872 390 3924 ma
414 3852 442 3923 is
463 3851 668 3943 patientiam
692 3874 795 3943 quam
819 3854 967 3927 domino
987 3874 1042 3946 pra

82 3948 193 4025 mus?
231 3950 329 4045 Quin
349 3874 488 4045 induper
511 3952 675 4041 gratiliani
701 3952 903 4049 &gaudere
926 3976 994 4026 nos
1017 3953 1042 4025 d

87 4046 294 4143 dignatione
315 4050 444 4126 divinae
464 4050 716 4147 castigationis.
776 4050 880 4150 Ege,
913 4054 1030 4147 inquit

88 4148 228 4253 diligo,
263 4149 407 4249 castigo.
471 4148 508 4225 O
530 4148 669 4227 servum
698 4153 794 4227 ilium
827 4154 1001 4247 beatum,

976 4277 1042 4329 emi
