2400 4590
116 499 187 577 106
234 497 1025 600 (Q.srranor.Tmrurr1rrr

111 660 236 739 eudem
252 663 397 737 ratione
421 661 557 739 scilicet
576 666 753 763 virginem
776 670 814 741 in
835 668 1019 742 mulierem
1042 666 1173 743 intelli·-

111 762 262 861 gtndtun
275 760 413 856 fiuent,
437 786 508 857 qua
527 765 749 860 &puerum,
780 780 824 841 ut
840 768 876 841 iu
899 772 983 841 viro
997 769 1173 867 deputam

111 862 216 956 dum,
229 882 308 937 non
319 864 540 957 nominavit,
556 880 675 941 totum
691 868 854 943 ordinem
868 870 1053 958 utriusque
1067 867 1169 943 sexus

110 963 267 1063 propriis
286 964 475 1038 vocabulis
494 970 728 1064 complexus,
754 970 910 1043 mulieris
930 967 1057 1040 &viri
1110 968 1170 1043 Sic

113 1062 220 1137 etiam
236 1059 352 1137 Adam
370 1064 485 1145 adhuc
500 1066 661 1163 integer,
692 1070 750 1140 vir
769 1068 807 1141 in
822 1066 950 1141 Genesr
969 1065 1019 1140 est
1032 1086 1174 1163 cogno·

110 1165 291 1256 minatus,
320 1166 509 1251 uocabitur,
539 1167 676 1260 inquit,
710 1173 841 1249 mulier,
873 1173 950 1265 quia
972 1170 1007 1237 de
1022 1192 1095 1235 vtro
1112 1169 1170 1253 fito

105 1265 296 1362 lamptani.
343 1264 405 1338 Sic
418 1268 475 1340 vir
484 1265 599 1341 Adam
614 1282 698 1339 ante
712 1270 915 1361 nuptiarum
928 1264 1166 1362 congressum,

112 1366 410 1460 quemadmodum
426 1366 460 1439 dr
474 1364 556 1440 Eva
571 1369 709 1443 mulier.
760 1368 820 1441 De
837 1382 989 1458 utraque
1006 1382 1105 1460 porte
1122 1366 1175 1441 sa·¹

9 1522 14 1535 .
110 1468 158 1541 tir
181 1467 225 1539 ad
243 1464 445 1541 universam
469 1466 620 1561 speciem
643 1469 815 1560 cujusque
842 1465 945 1539 sexus
971 1464 1172 1558 Apostolus

135 1566 380 1659 ronuntiavit,
406 1565 616 1641 &bretiter
633 1568 810 1665 diplom,
836 1577 909 1639 tarn
925 1564 1092 1639 instrutio
1110 1566 1172 1640 dcc

109 1586 307 1761 gnicione,
339 1671 477 1755 Omnis,
506 1669 647 1760 inquit,
680 1672 813 1751 mutter,
830 1664 1003 1758 ‘quidest
1026 1664 1172 1741 omnis?

109 1766 173 1843 nisi
190 1767 308 1840 omnis
328 1768 491 1863 generis,
518 1768 635 1843 omnis
655 1768 818 1861 ordinis,
852 1764 969 1839 omnis
990 1765 1174 1839 conditio·

108 1868 186 1959 nis,
212 1868 329 1941 omnis
342 1866 543 1963 dignitatis,
561 1869 678 1942 omnis
691 1868 815 1943 aetatis.
852 1863 1031 1959 Siquidem
1046 1886 1171 1961 omne,

108 1979 231 2039 totum
248 1965 323 2061 est,
355 1970 389 2041 dt
410 1968 608 2063 integrum,
633 1966 669 2041 dt
689 1970 786 2042 nulla
797 1964 848 2040 sui
861 1982 963 2061 parte
980 1963 1171 2044 defectum.

108 2066 193 2140 Pars
212 2078 332 2141 autem
351 2068 507 2142 mulieris
524 2070 560 2141 dt
576 2069 681 2163 virgo
699 2066 761 2144 est.
811 2065 942 2159 Aeque
962 2063 996 2136 dt
1016 2064 1061 2138 de
1083 2066 1169 2138 viro

108 2182 186 2239 non
201 2166 381 2261 velando,
406 2174 538 2257 omnis,
563 2168 689 2260 inquit
739 2165 839 2239 Ecce
856 2166 930 2239 duo
948 2162 1087 2237 diversa
1100 2186 1171 2238 no·

107 2265 227 2357 tulna,
254 2266 311 2339 vir
331 2265 532 2361 &mulier,
559 2268 676 2343 omnis
692 2282 864 2357 uterque;
893 2266 971 2338 duae
986 2266 1082 2361 leges
1101 2265 1170 2339 ob·

106 2358 422 2457 noxiaeinvicem,
449 2366 711 2458 hincvclandi,
738 2363 1003 2440 indenudandi.
1054 2364 1171 2457 Igitur

107 2464 135 2541 st
159 2486 205 2538 eo
230 2464 328 2559 quod
350 2466 481 2542 dietum
501 2468 543 2543 srt
562 2469 678 2541 omnis
698 2467 777 2560 vir,
812 2484 1003 2539 commune
1027 2462 1077 2536 est
1102 2486 1172 2537 no·

107 2582 192 2641 rnen
227 2562 323 2658 viri,
366 2567 471 2642 etiarn
499 2568 662 2641 nondum
689 2570 783 2657 viri,
823 2563 966 2640 masculi
1001 2562 1171 2641 investio:

109 2684 303 2740 commune
322 2679 440 2741 autem
456 2690 537 2741 cunr
556 2666 600 2741 fit
619 2688 754 2741 nomen
774 2665 967 2740 secundum
990 2676 1170 2759 naturam,

82 2766 309 2858 ,communis
333 2765 384 2840 est
403 2766 512 2843 &ier
528 2788 606 2841 non
630 2768 772 2842 velandi
796 2768 895 2861 ejus,
923 2765 981 2856 qui
1004 2764 1098 2834 inter
1114 2764 1173 2837 vi·

107 2883 172 2937 rot
186 2864 294 2959 virgo
314 2864 385 2956 est,
413 2864 605 2940 secundum
629 2866 865 2958 disciplinam
901 2885 966 2936 cur
984 2883 1060 2934 non
1081 2883 1171 2955 ptae-

103 2962 302 3059 judicatum
323 2963 389 3056 stt,
413 2963 566 3057 proinde
582 2966 613 3036 ἃ
629 2967 814 3040 mulierem
829 2966 1003 3061 virginem
1024 2984 1172 3040 omnem

107 3062 256 3138 muliere
275 3063 461 3138 nominata
484 3064 688 3154 contineri,
715 3062 903 3137 consortio
922 3063 1099 3153 nominis,
1116 3076 1172 3139 ut

70 3253 75 3257 ,
109 3160 340 3237 contineatur
364 3162 399 3235 dr
423 3162 679 3237 communione
702 3162 816 3259 legis?
857 3162 895 3235 si
925 3164 1007 3234 viro
1039 3163 1169 3237 mulier

107 3258 270 3351 nonest,
289 3282 359 3334 nec
371 3263 430 3334 vir
444 3263 593 3337 investis
610 3262 673 3341 est.
722 3262 759 3335 Si
772 3284 846 3337 non
865 3265 1027 3355 operitur
1044 3264 1168 3358 virgo,

110 3362 193 3455 quia
208 3360 335 3434 mulier
348 3382 423 3434 non
438 3362 501 3453 fit,
527 3367 712 3459 operiatur
727 3361 897 3456 investis,
925 3358 1007 3455 quia
1021 3363 1078 3433 vir
1088 3382 1169 3435 non

106 3460 161 3537 stt.
210 3458 381 3555 Ejusdem
398 3463 612 3561 virginitatis
629 3484 727 3555 tenua
745 3463 787 3535 fit
806 3465 924 3537 venia.
976 3462 1076 3532 Sicut
1095 3462 1170 3533 vir·

108 3561 208 3657 gincs
227 3580 304 3634 non
327 3568 507 3657 coguntur
530 3564 664 3643 velari,
692 3562 741 3635 ita
762 3565 862 3656 pueri
882 3583 959 3634 non
974 3562 1170 3651 iubeantur

108 3662 275 3736 revelari.
326 3658 400 3733 Cur
419 3675 583 3755 exparte
606 3660 854 3737 diffinitionem
871 3660 1041 3755 Apostoli
1057 3680 1168 3756 agno-

108 3756 234 3833 scimus
260 3758 480 3854 absolutam,
507 3762 602 3837 circa
621 3782 767 3837 omnem
789 3760 935 3835 virum?
966 3782 1035 3833 nec
1053 3760 1169 3833 detra·

86 3924 89 3929 .
107 3855 270 3951 diamur,
303 3881 413 3953 quare
435 3881 514 3935 non
531 3862 566 3935 dt
582 3880 733 3957 puerum
756 3861 975 3949 nominarit,
1002 3882 1046 3931 ex
1064 3872 1168 3952 parte

104 3966 228 4032 cutem
241 3962 536 4052 praevaricamur,
561 3980 661 4051 aeque
678 3958 839 4033 absoluta
854 3982 896 4034 ea
912 3961 1006 4033 circa
1020 3980 1166 4034 omnem

107 4056 318 4133 mulierem?
344 4066 495 4160 Siquis,
521 4061 660 4155 inquit,
685 4063 896 4148 contentiosus
912 4060 972 4157 esi,
998 4085 1054 4128 nur
1073 4064 1168 4129 talem

107 4158 358 4252 onsmudt'nm
375 4184 443 4233 nm
465 4162 612 4235 tumus
626 4184 725 4259 nequo
739 4162 856 4259 ecclefia
872 4166 947 4239 uei.
965 4198 977 4251 χ
999 4157 1168 4233 Ostendit

967 4273 1118 4335 conten·
