2400 4590
103 508 178 604 *578
253 498 1023 603 Q.Surr.Fr.oa.Trnruti.1aitt

101 640 302 767 passiones,
336 661 396 737 sed
422 684 499 755 quae
520 685 598 738 non
618 663 810 759 videntur,
842 662 879 739 id
901 664 953 740 est
971 652 1175 745 mercedes.

108 772 202 869 Quae
217 766 311 839 enim
329 764 519 857 videntur,
546 766 758 856 temporalia
768 762 866 837 sunt:
892 786 973 857 quae
986 788 1085 840 vero
1100 789 1175 843 non

21 920 25 927 -
105 867 280 941 videntur
295 876 427 937 aeterna
441 862 532 938 sunt.
581 862 758 937 Pressuras
775 867 868 939 enim
888 864 1083 939 &laesuras
1103 870 1176 960 qui·

105 970 176 1042 bus
199 965 441 1057 corrumpitur
459 965 573 1038 homo
594 966 777 1055 exterior,
803 979 844 1034 ut
860 966 962 1037 leves
980 968 1015 1037 dt
1033 982 1172 1061 tempo·

105 1068 219 1157 rates,
236 1064 373 1135 idcirco
388 1064 667 1135 contemnendas
682 1062 849 1154 affirmat,
868 1064 1067 1156 praeferens
1083 1088 1170 1140 mer·

107 1164 235 1239 cedum
262 1176 472 1235 aeternarum
500 1161 724 1235 invisibilium
751 1164 931 1258 &gloriae
958 1167 1106 1255 pondus
1133 1168 1167 1241 io

106 1259 437 1356 compensationem
460 1262 651 1353 laborum,
687 1282 777 1352 quos
802 1264 861 1334 hic
884 1284 972 1334 caro
995 1266 1166 1355 patiendo

107 1362 362 1454 corrumpitur.
414 1359 521 1431 Adeo
538 1382 615 1433 non
629 1362 689 1433 illa
706 1360 756 1433 est
769 1363 979 1455 corrupti0‚
1009 1385 1117 1455 quam
1133 1368 1166 1437 in

105 1478 321 1558 perpetuum
345 1460 457 1530 carnis
480 1460 692 1553 interitum,
730 1461 772 1531 ad
791 1460 1090 1537 resurredlionem
1113 1486 1166 1537 ex-

32 1635 36 1652 ,
104 1560 309 1657 pellendam
329 1554 501 1632 exteriori
516 1556 653 1633 homini
671 1556 882 1634 adscribunt.
934 1558 994 1632 Sic
1014 1562 1051 1634 ἀ
1071 1562 1162 1636 alibi:

105 1664 293 1759 Siquidem,
320 1660 390 1751 ait,
416 1667 635 1756 compatimur,
658 1662 760 1737 uri&
775 1662 1057 1753 conglorificemur.
1108 1666 1164 1735 lo-

104 1780 181 1858 puto
199 1766 285 1830 enim
299 1784 365 1829 nort
377 1762 486 1853 dignas
501 1758 556 1852 effe
567 1756 719 1857 paffimrer
738 1762 835 1857 liujus
852 1766 1001 1853 temporis
1021 1764 1064 1831 ad
1075 1760 1164 1853 suto·

105 1886 175 1933 ram
191 1862 342 1953 gloriam,
368 1884 435 1955 quae
451 1866 487 1929 im
501 1884 558 1929 nos
576 1862 666 1931 habet
684 1862 829 1936 revelari.
883 1854 931 1930 Et
948 1860 1012 1933 hic
1030 1863 1163 1935 minora

106 1958 265 2034 ostendit
281 1958 511 2033 incommoda
531 1958 680 2051 praemiis
704 1957 780 2031 suis.
831 1954 949 2031 Porro
969 1960 995 2033 li
1017 1982 1083 2053 per
1098 1982 1164 2033 car·

105 2080 189 2131 nem
211 2062 469 2149 compatimur,
503 2059 602 2148 cujus
624 2056 674 2130 est
691 2057 838 2151 proprie
856 2042 1074 2149 pellionibus
1090 2082 1164 2133 cor·

104 2161 241 2249 rumpi,
266 2157 423 2246 ejusdcm
440 2157 506 2227 erit
521 2157 554 2227 dt
569 2157 665 2247 quod
681 2178 748 2249 pro
765 2154 1005 2248 compalsrone
1021 2162 1163 2251 promit-

104 2259 202 2329 titur.
255 2254 377 2347 Atque
402 2256 492 2326 adco
516 2257 612 2327 carni
637 2256 800 2329 adscribit
827 2255 1066 2349 pressurarum
1087 2282 1163 2352 pro-

103 2358 315 2450 prietatem,
341 2368 382 2425 ut
402 2354 552 2447 &supra
567 2354 670 2428 dicit:
709 2364 787 2425 Cum
804 2358 988 2448 vettiffemus
1008 2377 1113 2429 aeirem
1132 2368 1163 2429 in

105 2457 329 2526 Macedoniam
346 2458 464 2525 trudam
485 2480 560 2522 remi
586 2482 686 2525 turrem
708 2459 818 2526 lrairrir
835 2484 904 2525 curo
920 2460 1041 2554 nostra.
1095 2460 1161 2532 De·

104 2557 189 2627 hinc
206 2554 294 2626 ut&
310 2554 432 2626 animae
447 2554 548 2626 daret
563 2556 851 2648 compaffionem:
883 2562 920 2625 ln
935 2563 1097 2647 omnibus,
1118 2561 1162 2629 in·

105 2656 203 2746 quit,
230 2653 405 2752 compressa,
432 2656 620 2743 extrinsecus
633 2678 766 2750 pugne,
794 2654 1016 2730 debellantes
1039 2661 1161 2734 scilicet

105 2774 275 2845 carnem,
311 2757 501 2837 intrinsecus
524 2761 634 2838 rimor,
671 2755 835 2827 afflictans
854 2754 988 2829 scilicet
1007 2766 1159 2834 animam.

102 2854 213 2926 [adeo
231 2855 263 2925 &
281 2853 305 2925 sl
325 2858 566 2946 corrumpitur
582 2856 694 2929 horno
711 2858 891 2947 exterior,
916 2870 994 2929 non
1015 2872 1056 2931 ut
1071 2862 1160 2932 amit·

102 2968 183 3025 tens
210 2951 528 3046 renneeuonem,
565 2951 623 3025 sed
650 2970 691 3026 ut
716 2950 883 3026 sustinens
913 2960 1159 3049 vexationem,

103 3052 284 3142 corrumpi
308 3054 595 3147 intelligeretur,
631 3056 664 3126 n
691 3048 762 3124 hoc
786 3068 859 3125 noti
883 3056 955 3127 sine
976 3052 1158 3131 interiore.

100 3150 156 3225 lta
179 3154 365 3223 amborum
385 3156 452 3222 crit
473 3154 577 3223 ctiam
597 3150 882 3245 conglorificari,
911 3154 1002 3227 licut
1017 3158 1052 3229 dt
1068 3180 1158 3231 com·

100 3252 187 3345 pati.
249 3249 448 3321 Secundum
471 3251 623 3343 collegia
642 3256 832 3343 laborum,
870 3254 1055 3328 consortia
1079 3278 1159 3351 quo·

102 3372 173 3441 que
188 3351 379 3423 decurrant
394 3348 530 3421 neccsse
547 3351 595 3422 cst
609 3354 844 3443 premiorum.

177 3473 237 3539 41.
264 3448 422 3522 Eandem
447 3450 561 3520 adhuc
582 3450 789 3523 sententiam
811 3444 1024 3547 exequitur,
1051 3469 1160 3531 remu·

101 3552 308 3623 nerationcs
328 3550 582 3621 vexationibus
602 3553 814 3645 praserern,
843 3564 962 3621 oenum
982 3564 1090 3643 enlm,
1115 3554 1160 3628 in·

102 3650 203 3743 quit,
230 3656 377 3745 quonium
395 3652 448 3741 etjt'
470 3670 596 3720 terreno
611 3659 714 3721 duratus
735 3660 833 3747 mrrjirr'
847 3654 1048 3724 tabernaculi
1069 3655 1162 3749 drffti·

100 3769 225 3825 vasus,
254 3752 394 3818 lettemu·
420 3753 537 3817 durarum
559 3777 621 3820 uon
648 3752 859 3843 urmrufudium
879 3768 1032 3824 aternam
1055 3764 1095 3827 in
1112 3783 1161 3825 toe·

100 3850 162 3933 sis,·
186 3850 222 3920 id
243 3846 293 3920 est
314 3868 378 3941 per
398 3846 469 3920 lroc
495 3850 592 3942 quod
619 3850 829 3924 dissolvetur
853 3872 937 3924 caro
958 3855 1085 3929 nostra
1104 3872 1161 3949 per

100 3949 300 4043 polituram,
335 3948 554 4022 domicilium
579 3950 804 4022 consecuturi
834 3951 949 4025 sumus
984 3953 1021 4027 in
1058 3959 1161 4029 coelis.

99 4049 317 4122 Meminerat
333 4050 548 4144 evangelicae
567 4049 807 4143 diffinitionis,
835 4057 929 4122 Beati
949 4062 1008 4150 qm·
1027 4060 1161 4151 persecu·

99 4156 216 4219 tionem
228 4156 404 4244 patiuntur
414 4172 543 4244 propter
551 4153 728 4247 justiciam,
748 4156 824 4250 quio
838 4156 961 4225 idearum
980 4158 1019 4253 est
1037 4178 1161 4248 regnum

1031 4260 1117 4326 coeio-
