2400 4590
54 39 1088 287 ψ

415 298 426 317 Ι

253 538 678 629 *undarum
805 584 821 607 -.
951 558 1019 635 371
1132 580 1134 589 ·

61 756 73 795 ,
99 700 217 774 finon
229 698 358 773 exinde
371 702 406 775 u
421 702 535 775 anima
549 698 600 773 est
616 698 780 793 adquam
793 718 893 793 eque
908 702 1020 795 perti-

77 799 102 873 fi
120 800 205 891 quid
218 800 268 873 est
281 796 398 875 slatus.

54 902 98 972 26.
123 898 194 971 Sed
212 898 329 973 omnis
347 900 562 995 inequalitas
579 896 762 973 sententie
783 899 943 973 humane
962 920 1019 973 us-

59 998 101 1070 ad
117 998 189 1071 Dei
208 1001 398 1073 terminos:
429 1000 468 1072 in
488 998 625 1073 nostras
642 1000 715 1091 jam
738 998 849 1071 lineas
874 997 1020 1093 gradem

54 1119 155 1193 gam,
180 1112 222 1170 ut
243 1097 341 1191 quod
355 1096 578 1193 Philosophia
595 1098 820 1189 Medicisque
838 1095 1021 1193 respondi,

54 1196 166 1270 stiano
180 1199 342 1291 probem.
394 1196 452 1270 De
463 1212 529 1269 tuo
543 1198 654 1271 frater
666 1196 900 1271 fundamento
913 1194 1022 1271 fidem

54 1317 157 1370 leem:
184 1294 296 1390 aspice
319 1298 488 1370 viventes
507 1312 654 1391 uteros,
681 1294 955 1371 sanbbllsrmarum
970 1296 1022 1371 se·

54 1416 160 1488 uum,
186 1416 256 1469 nec
270 1396 382 1470 modo
399 1397 569 1491 spirantes
581 1400 652 1491 jam
667 1398 739 1469 illic
753 1394 931 1487 infantes,
959 1418 1022 1468 ve·

68 1497 172 1568 etiam
191 1498 460 1589 prophetantes.
511 1493 609 1568 Ecce
627 1494 762 1569 viscera
780 1498 957 1568 Rebecca
972 1497 1023 1567 in·

54 1608 202 1688 tantur,
241 1593 402 1691 &longe
420 1596 536 1669 adhuc
554 1608 706 1690 partos,
740 1595 774 1668 dc
796 1596 884 1667 aeris
904 1596 1022 1667 nullus

54 1692 145 1767 alsus.
208 1691 307 1766 Ecce
334 1694 466 1788 duplex
494 1694 600 1767 soents
630 1694 669 1767 in
693 1694 785 1767 locis
815 1694 937 1767 matris
969 1708 1023 1766 tu-

54 1806 182 1885 natur,
208 1791 430 1885 &nusquam
454 1794 569 1867 adhuc
589 1794 715 1889 populi
739 1794 824 1868 duo.
873 1792 1024 1869 Porten-

68 1890 216 1965 sorfitan
238 1892 435 1986 petulantia
454 1890 611 1965 infantiae
632 1908 716 1967 ante
734 1894 903 1965 certantis
920 1914 1025 1985 quam

54 1992 153 2084 entis,
188 2004 271 2065 ante
292 1990 456 2065 animose
480 2012 585 2085 quam
609 1992 792 2087 animate,
824 1990 850 2065 s1
872 2004 1026 2067 tantum-

58 2114 81 2163 o
97 2104 246 2164 matrem
262 2088 488 2164 subsultando
505 2088 685 2168 turbasset.
736 2088 791 2163 At
805 2110 885 2165 cum
900 2106 1026 2185 partos

55 2192 151 2281 itur,
191 2190 417 2263 &numerus
445 2188 656 2286 inspicitur,
692 2188 941 2287 &auguratus
970 2212 1026 2263 re·

54 2288 215 2381 noscitur,
240 2306 331 2384 puto
351 2290 423 2383 jam
446 2312 523 2363 non
545 2292 666 2365 animae
691 2288 917 2363 solummodo
942 2311 1026 2385 pro-

54 2410 101 2461 ιιι
124 2388 340 2483 infantium,
379 2388 438 2461 sed
461 2390 494 2461 &
515 2410 651 2485 pugnae.
702 2388 943 2462 Detinebatur
967 2391 1028 2483 qui

54 2501 194 2561 renerat
214 2488 307 2560 nasci
328 2510 348 2559 a
369 2502 556 2582 praevento
579 2488 731 2560 necdum
753 2491 891 2579 plenius
912 2488 1027 2579 edito,

54 2611 111 2661 um
128 2608 235 2660 manu
253 2602 352 2661 nato.
411 2585 461 2658 Et
475 2587 501 2661 st
515 2585 587 2677 ipse
605 2587 754 2659 animam
775 2586 818 2656 de
833 2588 945 2680 prima
964 2583 1029 2678 spi·

54 2710 115 2760 >ne
133 2687 283 2779 potabat
296 2685 485 2758 Platonico
503 2704 630 2776 more,
665 2698 726 2754 aut
743 2684 787 2755 de
803 2684 892 2755 aeris
908 2686 1030 2779 rigore

54 2789 143 2859 ebat
167 2786 289 2858 Stoica
312 2785 452 2877 forma,
489 2784 573 2875 quid
595 2782 656 2856 ille
679 2783 737 2875 qui
764 2779 1030 2875 expeilabatur,

55 2887 169 2959 adhuc
185 2888 279 2957 intus
297 2885 542 2974 detinebatur,
570 2882 710 2955 &soris
727 2883 798 2973 jam
820 2879 1032 2955 detinebat?

54 2987 150 3059 adum
179 2987 310 3079 opinor
340 2983 471 3077 spirans
502 2982 659 3076 plantam
690 2981 807 3054 sratris
834 2981 1030 3076 invaserat,

54 3109 81 3159 m
104 3106 200 3158 nunc
223 3086 340 3156 calens
366 3098 478 3157 matre
497 3080 531 3155 se
552 3083 711 3175 priorem
736 3078 892 3173 prodisse
915 3085 1033 3176 cupie-

103 3184 138 3257 O
153 3184 325 3257 infantem
342 3183 376 3255 δι
390 3184 553 3257 aemulum
569 3180 603 3253 dt
620 3180 777 3253 validum
792 3179 826 3253 u
839 3181 926 3253 olim
946 3202 1033 3251 con-

54 3283 192 3375 dusam,
219 3284 328 3356 credo
352 3284 433 3375 quia
454 3283 592 3355 vivum.
644 3278 774 3372 Aspice
798 3280 904 3351 etiarn
922 3279 1035 3374 fingu-

54 3399 305 3476 sconceptus,
330 3381 516 3473 &quidem
532 3377 827 3470 monstrosiores,
856 3376 981 3449 sterilis
1000 3375 1036 3449 dt

54 3483 146 3574 ginis,
174 3504 249 3574 quae
271 3483 328 3554 vel
349 3480 421 3554 hoc
439 3479 515 3575 ipso
533 3476 760 3573 imperfectos
779 3477 885 3551 edere
901 3473 1036 3567 potuis·

54 3642 55 3647 ,
80 3603 146 3675 pro
169 3582 355 3655 eversione
375 3594 529 3671 naturae,
557 3594 599 3651 ut
618 3582 728 3651 altera
749 3574 869 3649 semini
886 3573 1037 3667 stupida,

54 3701 90 3753 ra
109 3679 248 3756 intaila.
308 3677 496 3771 Decebat,
524 3676 689 3770 srforte,
721 3678 792 3750 fine
812 3674 926 3747 anima
942 3672 1039 3747 nasci

57 3782 200 3855 suerent
219 3803 294 3855 non
313 3783 381 3855 rite
399 3780 590 3869 concepti,
615 3774 674 3848 sed
696 3776 727 3846 dc
749 3773 972 3865 illivivunt,
1000 3774 1038 3847 in

64 3884 212 3973 quisque
229 3897 346 3956 utero.
396 3878 558 3951 Exsultat
575 3872 784 3966 Elizabeth,
812 3873 968 3965 Joannes
987 3873 1039 3946 in·

63 3982 268 4073 impulerat:
302 3976 480 4077 glorificat
504 3975 687 4048 dominum
706 3974 847 4065 Maria,
881 3968 1040 4045 Christus

54 4103 76 4152 ts
102 4081 316 4154 instinxerat.
381 4076 594 4172 Agnoscunt
620 4089 749 4147 matres
776 4070 857 4143 suos
882 4072 1042 4143 invicem

54 4203 89 4255 us
99 4235 111 4278 ,
139 4182 264 4280 agnitae
279 4192 408 4257 mutuo
426 4177 469 4250 ab
466 4175 568 4347 Aipsis
585 4175 709 4267 utique
723 4172 956 4263 viventibus,
981 4168 1042 4262 qui

514 4295 582 4351 aa
918 4289 1007 4344 nou
