2400 4590
228 518 291 573 nn
323 496 760 575 Raruanacrtoun
793 518 983 576 cunrat-a.
1059 520 1131 594 557

72 661 108 734 it
126 659 314 750 quomodo
337 656 501 733 vivunt?
532 672 595 732 aut
614 659 652 731 in
672 659 786 731 nubes
814 658 955 749 ereptit
988 656 1133 750 &quo
1192 680 1195 685 ·

71 758 185 834 modo
205 760 264 831 hic
281 758 385 832 sunt?
410 755 591 833 miserrimi
605 776 754 851 revera,
779 773 821 830 ut
835 756 1032 849 Apostolus
1047 779 1131 850 pro·

69 860 280 950 nunciavit,
306 858 368 949 qui
381 861 418 931 in
431 856 494 933 ista
507 871 646 931 tantum
663 858 740 929 vita
756 854 934 949 sperantes
951 858 1131 931 habebun-

69 972 152 1049 tur,
185 957 439 1052 excludendo,
472 955 555 1031 dum
574 956 782 1051 praeripiunt
804 955 903 1048 quod
931 956 1130 1049 postillam

68 1058 355 1150 repromittitur,
387 1054 544 1129 frustrati
565 1059 659 1129 circa
676 1057 888 1148 veritatem,
914 1076 991 1129 non
1015 1058 1131 1131 minus

70 1176 176 1248 quam
190 1155 380 1253 Phygellus
395 1154 698 1253 &Hermogenen
730 1152 780 1229 Et
792 1156 876 1227 ideo
889 1154 1048 1247 majestas
1064 1152 1131 1247 spi-

68 1258 157 1327 ritus
173 1253 278 1327 santii
295 1252 480 1349 perspicax
494 1255 669 1347 ejusmodi
687 1250 871 1348 sensuum,
898 1254 982 1327 &in
999 1251 1073 1349 ipsa
1086 1254 1131 1329 ad

68 1350 400 1429 Thessalonicenses
418 1352 569 1449 epistola
587 1353 760 1451 suggerit:
797 1361 846 1427 De
868 1357 1056 1451 temporibus
1074 1380 1131 1425 aa·

68 1470 132 1525 tem
149 1460 187 1529 Θ
204 1454 372 1550 tempaturu'
383 1456 522 1551 spatiis,
541 1453 688 1546 fratres,
716 1478 782 1525 nan
804 1454 842 1551 epi
864 1452 1027 1543 maeffitar
1046 1458 1129 1543 [cri-

63 1552 160 1631 bendi
176 1554 276 1625 vrbis.
338 1556 397 1651 dpfi
415 1559 498 1625 mrim
522 1552 687 1645 certifflrue
699 1554 792 1644 scitis
814 1557 896 1652 quad
911 1558 979 1625 dier
1002 1556 1127 1625 domini

67 1654 154 1751 quast
174 1652 239 1745 fur
265 1650 354 1727 nobie
380 1658 431 1727 itu
450 1656 610 1727 adveniet.
673 1656 749 1725 Cum
770 1656 877 1725 dicem
899 1676 963 1749 pax
990 1652 1029 1730 (5
1052 1671 1128 1725 ruta

59 1752 143 1844 sunt
167 1760 299 1841 amnia,
330 1756 493 1825 tumidis
515 1776 549 1825 rt
609 1758 698 1823 tinus
724 1754 838 1849 irfiflet
862 1760 1026 1825 interitus.
1079 1750 1129 1827 Et

66 1854 105 1925 in
127 1849 309 1948 secunda,
344 1852 509 1947 pleniore
531 1774 769 1927 sbibicitudine
792 1851 836 1927 ud
858 1853 1028 1928 eosdem:
1069 1852 1129 1925 Oi·

60 1952 148 2044 ficta
161 1978 236 2041 vas,
247 1952 463 2061 fratrmster
475 1954 651 2051 adventum
661 1958 783 2025 domini
796 1954 893 2051 nrjiri
907 1952 989 2051 Jesu
1006 1953 1127 2049 carnia·

66 2050 108 2131 ὕ
122 2059 387 2147 congregationem
401 2054 537 2151 nostram
552 2056 592 2125 ud
604 2056 716 2146 iilum,
741 2078 783 2123 ne
800 2060 861 2123 cita
875 2058 1127 2125 commoveamini

65 2159 200 2241 anima,
225 2178 323 2251 neque
343 2152 535 2241 turbemini,
568 2178 666 2251 neque
680 2176 736 2247 per
749 2155 923 2250 spiritum,
955 2180 1052 2252 neque
1070 2174 1127 2249 ptr

60 2254 250 2344 sermanm,
278 2249 414 2327 scilicet
430 2252 830 2347 pseudoapostolorum:
866 2278 966 2352 neque
988 2275 1043 2349 per
1065 2258 1127 2352 epi·

60 2352 172 2451 fialam
189 2350 323 2424 scilicet
341 2349 665 2445 pseudophetarum
686 2380 720 2424 aa
734 2355 765 2447 fi
784 2373 840 2449 per
863 2356 1016 2451 nostram,
1041 2355 1127 2452 quass

67 2454 187 2551 infiflat
205 2454 270 2520 dies
286 2456 416 2525 damini.
465 2456 519 2524 Ne
533 2460 604 2548 quir
617 2478 674 2521 vos
687 2454 814 2539 seducat
835 2456 893 2522 uda
912 2457 1016 2523 modo:
1048 2454 1128 2550 quad

64 2556 128 2650 niſs
143 2556 257 2622 veniat
274 2546 407 2641 abscessio
422 2556 541 2645 primo,
566 2548 671 2640 hujus
692 2550 815 2641 utique
831 2553 955 2649 regni,
984 2556 1023 2627 σ
1041 2578 1128 2623 reve·

64 2650 153 2725 ietur
168 2651 391 2747 delinquentia
408 2652 515 2742 bama,
539 2648 663 2742 idest,
691 2649 935 2742 antichristum,
951 2652 1045 2741 filius
1058 2672 1127 2747 per-

65 2754 220 2837 ditionis,
253 2757 312 2847 qui
328 2752 519 2839 adversatur
539 2748 577 2825 (5
601 2750 853 2844 superextaditur
878 2776 916 2818 an
936 2774 1024 2821 omne
1045 2752 1127 2847 quad

67 2858 160 2925 Deus
181 2853 325 2937 dicitur,
358 2853 411 2921 vel
430 2852 555 2951 religia,
587 2853 639 2918 uti
652 2853 758 2938 sedeat
779 2854 816 2917 in
834 2849 946 2946 templa
964 2855 1044 2937 Dei,
1071 2852 1127 2922 ad·

55 2954 200 3042 firmans
225 2954 328 3021 Deum
343 2952 387 3039 se.
439 2954 558 3023 Nonne
579 2950 763 3047 meministis
782 2951 862 3047 quad
880 2976 947 3019 eum
965 2954 1047 3044 apud
1069 2976 1126 3021 var

65 3050 170 3142 effim,
195 3051 258 3143 baa
270 3051 404 3122 dicebam
417 3046 529 3121 vobis?
555 3052 603 3121 Et
616 3053 792 3147 numquid
806 3068 912 3119 tenear
919 3050 1010 3139 scitis
1025 3052 1066 3121 ad
1080 3076 1127 3122 re·

22 3174 26 3180 ·
65 3151 237 3219 velandum
257 3176 325 3219 eum
348 3157 386 3221 in
404 3150 460 3238 [ua
479 3168 622 3248 tempore.
675 3152 755 3247 Jam
776 3174 861 3219 enam
881 3176 1034 3219 arcanum
1059 3155 1126 3220 ini-

65 3253 203 3347 quitatis
225 3256 389 3341 agitatur,
423 3268 552 3320 tantum
570 3256 628 3347 qni
649 3276 736 3318 nunc
758 3266 845 3319 tenet
870 3266 1000 3333 teneat,
1032 3253 1125 3319 danae

65 3352 103 3421 de
115 3350 298 3437 mediofiat:
326 3349 428 3442 quis?
450 3351 511 3426 nist
526 3350 710 3424 Romanus
728 3346 856 3437 status,
880 3350 979 3439 cujus
996 3346 1124 3421 absces-

62 3448 170 3525 froin
189 3445 312 3523 decem
331 3470 433 3545 reges
450 3447 599 3545 dispersa
619 3447 812 3521 antichristi
831 3446 1058 3541 superducet:
1084 3449 1125 3525 (Ἰ

62 3568 144 3623 tuna
165 3554 361 3620 revelabitur
380 3576 530 3647 iniquus,
563 3556 815 3647 quemdominus
835 3552 932 3643 Jesus
952 3552 1125 3637 interficiet

56 3648 180 3745 spiritu
209 3656 275 3718 aris
293 3651 375 3739 sui,
411 3648 450 3725 U
474 3654 638 3721 evacuabit
661 3653 849 3746 apparentia
875 3650 1033 3717 adventur
1055 3649 1123 3736 sui.

67 3752 170 3847 Cujus
189 3750 228 3845 ιβ
251 3752 410 3819 darentur
422 3750 591 3840 [nundum
613 3758 823 3846 operationem
839 3750 963 3837 satana
982 3752 1123 3817 inomni

62 3854 191 3919 virtute
212 3846 250 3923 (5
259 3850 359 3942 fignir
377 3867 472 3947 atque
486 3857 646 3948 portentis
661 3852 837 3935 mendacii,
862 3852 898 3922 θ
917 3851 955 3917 in
975 3854 1063 3919 omni
1072 3850 1122 3937 se-

61 3947 210 4025 dufiiane
230 3950 390 4045 injustitia
407 3957 449 4021 eia
467 3958 524 4050 qui
540 3966 684 4047 pereunt.

139 4068 195 4137 25.
221 4044 340 4123 Etiam
359 4052 396 4123 in
419 4050 637 4145 Apocalypsi
660 4047 754 4121 ordo
776 4060 981 4141 temporum
1002 4044 1123 4119 sterni-

60 4161 145 4247 tur,
165 4167 271 4241 quern
285 4166 463 4245 martyrum
478 4170 624 4249 quoque
638 4156 752 4223 anima
752 4146 818 4251 sub
830 4156 931 4225 attari
945 4148 1123 4321 ultiog‘em
