2400 4590
110 514 178 565 ree
236 493 284 591 Q.
311 488 449 565 Sere.
476 489 621 567 Fron.
648 489 1030 581 Teurutcrrur

106 651 247 728 diuum
297 647 403 727 Adde
419 651 518 767 quod
539 651 665 725 &haec
685 649 757 745 ipse
774 651 879 745 hujus
901 652 1066 727 consilii
1056 665 1166 726 mter·

102 750 212 845 jedio
227 749 342 842 quasr'
331 751 670 848 mrecogitationem
683 748 841 825 excelsus
854 750 904 826 sui
917 750 1031 847 palla,
1050 750 1167 826 statim

105 849 545 966 serefrenat&revocat,
562 873 643 925 cum
655 847 850 948 lbbjungit:
873 853 1168 927 Verumamenhu·

100 952 237 1054 jusmodi
244 948 526 1045 preffirramcrrnis
538 952 703 1036 delebunt,
719 972 800 1025 cum
811 976 934 1045 parcere
950 950 984 1024 se
1001 956 1050 1025 eis
1063 952 1164 1044 dicit,

106 1073 191 1128 cum
202 1063 342 1143 tempus
359 1055 396 1121 in
409 1049 527 1123 correo
543 1050 612 1124 elle
623 1051 763 1142 adjicit,
782 1072 855 1142 quo
870 1066 1042 1146 oporteat
1057 1052 1167 1126 etiarn

104 1154 253 1223 babentes
268 1156 471 1222 matrimonia
483 1173 539 1247 pro
560 1150 832 1220 condolentibus
849 1172 971 1247 agere,
999 1173 1079 1224 cum
1097 1149 1166 1224 sol·

102 1251 325 1327 licitudinem
343 1264 539 1343 nuptorum
560 1251 763 1324 committit.
815 1250 882 1323 Per
899 1252 974 1324 haec
992 1254 1083 1324 enim
1100 1250 1167 1321 do·

105 1373 189 1425 cens
205 1371 268 1422 cur
282 1371 356 1421 non
374 1351 540 1442 expediat
552 1353 708 1440 nubere,
736 1347 906 1423 diffundet
921 1352 963 1422 ab
980 1372 1048 1464 eu,
1066 1347 1167 1440 quod

103 1450 208 1544 supra
222 1448 433 1523 indulserat
461 1449 582 1522 &boc
601 1449 645 1522 de
658 1472 775 1542 prrmo
789 1465 1019 1523 matrimomo
1028 1469 1168 1541 ,·quan

104 1565 147 1624 to
161 1549 270 1645 magis
284 1546 466 1622 secundo?
494 1548 584 1621 Cum
597 1570 665 1622 nos
683 1569 772 1622 vero
788 1550 842 1622 ad
849 1551 1050 1640 exemplum
1067 1547 1167 1625 suurn

101 1652 270 1727 hortatur
278 1650 430 1742 ,utique
450 1647 639 1723 ostendens
658 1648 741 1740 quid
761 1670 829 1723 nos
847 1649 938 1722 velit
955 1647 1042 1740 effe,
1062 1644 1169 1722 idest

104 1751 356 1838 continentesJ
392 1749 526 1841 pariter
549 1750 733 1841 declarat,
769 1749 853 1840 quid
872 1770 940 1821 nos
967 1747 1037 1821 elle
1059 1749 1168 1826 nolit.

102 1848 144 1924 Id
161 1849 259 1941 quod
274 1871 351 1923 non
371 1851 471 1940 vult,
497 1871 565 1923 nec
581 1846 733 1941 sponte,
760 1869 829 1920 nec
848 1847 1004 1921 veritate
1021 1848 1170 1942 permit·

102 1949 159 2024 tit.
219 1948 253 2021 Si
271 1948 365 2041 enim
387 1949 523 2042 vellet,
562 1970 640 2022 non
658 1946 984 2041 permisrffet,1m0
1003 1942 1169 2047 imperas·

102 2048 165 2123 set
217 2047 288 2121 Sed
310 2069 395 2121 ecce
413 2048 554 2142 rursus,
587 2048 745 2119 mulierem
770 2045 917 2140 defendo
940 2056 1054 2119 marito
1078 2030 1169 2121 dicit

101 2149 217 2221 nubere
232 2147 333 2246 poffe,
350 2149 454 2244 ficui
472 2150 575 2235 veter,
609 2164 738 2220 rantum
758 2153 794 2217 in
817 2150 947 2218 domino.
1009 2152 1057 2218 Ar
1079 2173 1167 2217 emm

96 2249 227 2344 felicior
244 2253 329 2342 err't,
355 2247 497 2342 inquit,
513 2249 543 2343 ſs
559 2248 600 2341 fic
617 2249 867 2344 perseveraverit
879 2249 1046 2337 secundum
1064 2272 1168 2318 meum

101 2349 272 2444 confilium.
326 2351 404 2420 Puro
419 2350 575 2423 eurem&
594 2374 641 2442 egr
651 2349 804 2443 spirirum
823 2352 887 2419 Dei
901 2349 1003 2418 baleo.
1055 2347 1168 2419 Vide·

103 2471 181 2527 mus
205 2448 278 2520 duo
302 2447 469 2541 consilia,
501 2470 573 2540 quo
596 2446 697 2541 supra
718 2448 876 2521 nubendi
899 2450 1037 2519 veniam
1062 2445 1165 2537 facit,

105 2548 225 2641 &quo
244 2547 749 2641 postmodumcontinentiam
763 2549 920 2621 nubendi
934 2548 1068 2620 indicit.
1097 2545 1166 2619 Cui

104 2670 214 2745 ergo,
240 2649 377 2740 inquis,
401 2648 549 2721 confilio
564 2646 847 2723 adsentabimur?
874 2645 1009 2743 Inspice
1025 2648 1057 2719 u
1073 2648 1165 2741 lege.

105 2747 196 2822 Cum
215 2749 357 2822 veniam
375 2746 483 2841 facit,
504 2749 660 2821 hominis
681 2748 865 2841 prudentis
884 2747 1066 2820 confilium
1085 2747 1167 2818 alle·

103 2861 177 2943 gat,
191 2869 271 2920 cum
289 2848 546 2920 continentiam
561 2849 698 2938 indicit,
709 2849 847 2938 spiritus
863 2845 965 2925 santii
982 2845 1167 2923 confilium

104 2944 276 3019 adfirmat.
337 2944 493 3034 Sequere
515 2946 819 3038 admonitionem,
848 2947 903 3019 cui
925 2946 1092 3018 diuinitas
1108 2968 1168 3037 pa·

103 3045 314 3119 trocinatur.
377 3045 547 3138 Spiritum
570 3044 712 3135 quidem
729 3045 801 3118 Dei
827 3048 933 3120 etiam
958 3043 1082 3117 fideles
1107 3046 1166 3118 ha·

102 3144 215 3236 bent,
243 3143 300 3217 sed
324 3165 400 3217 non
421 3166 546 3217 omnes
564 3141 687 3218 fideles
705 3141 887 3238 Apostoli.
948 3144 1038 3219 Cum
1061 3166 1164 3239 erge,

105 3244 203 3340 quod
221 3241 362 3317 fidelem
379 3244 531 3335 dixerit,
559 3244 679 3335 adjicit
694 3243 840 3339 postea,
868 3244 1024 3339 spiritum
1042 3242 1076 3317 se
1093 3244 1167 3318 Dei

103 3348 254 3438 habere,
276 3343 374 3436 quod
387 3365 494 3416 nemo
510 3343 690 3417 dubitaret
707 3347 812 3418 etiam
828 3346 871 3419 de
887 3343 1001 3418 fideli:
1025 3344 1166 3427 idcirco

103 3448 177 3520 hoc
195 3446 303 3536 dixit,
331 3457 373 3515 ut
391 3443 451 3516 libi
468 3440 637 3539 Apostoli
658 3442 830 3539 fastigium
847 3446 1025 3519 redderet.
1079 3443 1165 3515 Pro·

104 3546 181 3643 prie
215 3547 307 3618 enim
331 3541 500 3636 Apostoli
537 3541 694 3635 spiritum
721 3543 873 3619 iunctum
904 3547 1065 3635 habent,
1104 3543 1166 3635 qui

105 3646 211 3741 plene
229 3646 362 3718 habent
382 3643 418 3714 in
436 3644 605 3735 operibus
620 3644 841 3737 prophetice,
870 3645 903 3718 u
923 3643 1080 3718 efficacia
1096 3645 1167 3715 vir·

13 3828 17 3835 ,
104 3757 222 3818 tutum
231 3759 368 3836 ,atque
394 3742 696 3819 documentorum
715 3744 890 3841 linguam,
911 3766 987 3819 non
1007 3743 1100 3856 quani
1121 3746 1167 3815 ex

104 3856 231 3939 parte,
259 3844 356 3933 quod
374 3844 504 3920 caeteri
556 3842 609 3914 lta
627 3841 765 3937 spiritus
781 3841 883 3917 sandi
905 3844 1100 3916 autoritate
1122 3843 1166 3916 ad

106 3942 252 4019 eandem
273 3941 420 4033 speciem
446 3943 541 4016 adire
564 3941 677 4033 fecit,
715 3943 770 4026 ctu'
791 3964 859 4015 nos
883 3944 991 4039 magis
1016 3940 1167 4034 obsequi

106 4042 244 4126 voluit3
272 4041 453 4115 tanum
476 4034 553 4133 estj
558 4063 612 4113 am
635 4063 710 4113 non
732 4042 914 4115 confilium
934 4045 1047 4116 divini
1070 4043 1167 4138 spiri-

106 4157 185 4242 tus,
211 4139 269 4217 sed
284 4162 352 4237 pro
368 4143 442 4237 eJ'us
458 4066 658 4240 maJ'eJstatQ
682 4156 912 4244 preceptum
994 4182 1116 4335 5·Ad
