2400 4590
215 510 275 565 nt
305 489 736 565 Rrsurarcrtone
765 490 957 562 cnnnrs'.
1038 486 1110 581 569

69 668 174 745 quam
189 650 370 747 indignum
382 650 486 742 Deo,
510 649 691 723 dimidium
705 647 886 721 hominem
903 642 1061 739 redigere
1074 647 1113 719 in

67 748 241 825 salutem?
266 770 360 842 pene
377 752 494 822 minua
508 748 655 835 -sacere,
679 765 761 819 curn
779 747 884 817 etiam
904 742 1112 821 secularium

66 850 266 945 principum
275 851 388 939 plena
404 846 541 939 semper
554 845 772 938 indulgentia
787 843 1001 916 vindicetur.
1029 842 1116 916 Dia·

68 950 176 1021 bolus
190 946 342 1029 validior
354 948 390 1019 in
405 947 561 1018 hominis
575 944 735 1035 injuriam
748 943 978 1035 intelligitur,
994 952 1114 1015 totum

68 1066 152 1118 curn
167 1047 323 1117 elidens:
347 1046 449 1117 Deua
463 1042 638 1117 infirmior
654 1042 940 1131 renuntiabitur,
965 1058 1041 1111 non
1059 1052 1116 1113 to·

68 1158 145 1219 tunt
162 1164 243 1219 euru
256 1140 450 1215 relevans?
474 1138 586 1233 Atqui
600 1142 633 1213 dt
647 1139 844 1235 Apostolus
854 1136 1023 1233 suggerit:
1056 1142 1117 1209 Uli

68 1242 214 1315 desidium
228 1244 456 1325 ubundaverit,
480 1246 542 1313 illic
551 1246 687 1337 gratiam
698 1238 960 1337 superabundaffc.
1014 1240 1120 1337 Quo·

67 1342 182 1419 modo
197 1342 352 1432 denique
367 1340 483 1413 {livua
499 1342 709 1431 habebitur,
734 1341 793 1430 qui
808 1335 988 1431 poterit&
1001 1338 1119 1430 perdi·

70 1454 129 1513 tua
144 1439 239 1512 dici?
264 1460 371 1512 carne
387 1438 522 1514 scilicet
537 1438 718 1532 perditus,
745 1438 861 1511 anima
874 1454 967 1510 vero
985 1434 1119 1511 salvutt

69 1540 134 1614 nist
148 1538 246 1630 quod
259 1540 329 1630 jam
348 1538 382 1609 dt
398 1542 511 1612 anima
527 1540 564 1610 in
575 1538 718 1630 perdito
732 1534 1120 1609 constituaturnecesse

70 1637 143 1728 est,
168 1651 210 1708 ut
224 1635 317 1709 salva
337 1634 428 1710 effici
446 1634 570 1730 possit,
594 1636 630 1709 id
646 1640 741 1710 enim
753 1634 887 1710 salvum
903 1632 993 1706 effici
1010 1648 1120 1726 opor·

70 1739 165 1809 tebit
182 1735 281 1828 quod
296 1738 473 1828 perditum
494 1736 613 1810 suerit.
650 1734 776 1808 ΙΡοῐτο
797 1748 915 1807 tutem
930 1735 1121 1825 recipimus

70 1838 196 1907 animae
217 1834 547 1926 immortulitatem,
573 1848 615 1907 ut
628 1836 765 1927 perdita
783 1852 860 1906 non
880 1835 917 1905 in
936 1834 1120 1908 interitum

71 1934 256 2010 credatur,
280 1932 340 2005 sed
356 1934 393 2006 iu
406 1931 635 2027 supplicium,
660 1934 697 2031 id
716 1932 819 2008 estin
836 1932 1046 2029 gebennam.
1071 1930 1122 2005 Et

68 2032 96 2107 st
115 2033 166 2103 ita
181 2031 253 2123 est,
272 2034 344 2121 jam
363 2050 440 2107 non
458 2034 608 2107 animam
629 2030 800 2125 spectabit
814 2031 905 2106 salus
918 2028 1046 2107 salvam
1059 2032 1124 2105 sci·

69 2134 160 2204 licet
172 2129 230 2203 sua
244 2144 369 2203 natura
388 2150 453 2223 per
469 2132 795 2223 immortalitatem,
821 2129 880 2205 sed
899 2150 1041 2204 carnern
1057 2150 1124 2224 po-

10 2298 12 2303 .
69 2234 144 2303 tius
158 2249 262 2320 quarn
274 2230 491 2305 interibilem
507 2230 647 2305 constat
661 2232 753 2326 apud
768 2249 906 2305 omnes.
958 2230 1122 2304 llutsrdt

71 2330 188 2402 anima
200 2329 401 2418 interibilis,
417 2328 526 2420 idest,
542 2349 618 2402 non
633 2332 842 2405 immortalis
861 2330 1007 2419 quod&
1023 2350 1123 2423 caro,

18 2426 26 2507 ἦ
67 2429 142 2522 jam
169 2426 202 2498 dt
229 2430 325 2498 carni
350 2426 466 2498 forma
486 2430 545 2498 illa
560 2449 603 2499 ex
628 2448 733 2519 aequo
755 2425 932 2521 perficere
956 2430 1124 2523 debebit,

70 2525 227 2623 proinde
252 2524 454 2596 mortali&
487 2525 675 2598 interibili:
711 2527 792 2617 quia
817 2525 852 2596 id
886 2528 983 2613 quod
1009 2529 1124 2617 perit,

70 2626 208 2700 salvum
221 2623 373 2694 secturus
387 2620 439 2695 cst
456 2624 632 2699 dominus.
684 2624 790 2697 Nolo
806 2642 903 2695 nunc
919 2626 1125 2697 contentio-

73 2724 116 2798 so
138 2723 225 2796 sune
250 2722 447 2807 deducere,
479 2722 568 2814 hac,
594 2742 638 2795 an
660 2725 742 2796 illac
762 2722 947 2795 hominem
968 2724 1125 2816 perditio

73 2821 302 2915 depostulet,
328 2821 410 2895 dum
425 2824 594 2912 utrinque
609 2844 691 2898 eum
705 2820 794 2895 salua
807 2818 979 2907 destinet,
1006 2824 1043 2895 in
1058 2844 1127 2897 arn·

14 2966 18 2973 -
73 2924 140 2996 bas
155 2920 360 2993 substantias
372 2932 585 3015 perequata.
635 2921 735 2995 Ecce
750 2922 844 2994 enirn
855 2942 899 2993 ex
913 2916 1127 3013 quicunque

73 3018 265 3095 substantia
290 3022 474 3093 hominem
497 3018 623 3113 perisse
644 3018 918 3114 presumpserit,
953 3042 999 3094 ex
1019 3022 1130 3095 altera

74 3138 156 3193 non
172 3121 274 3210 perit.
325 3118 451 3191 Salvua
462 3139 549 3213 ergo
563 3123 631 3192 crit
641 3122 712 3213 jam
727 3140 772 3192 ex
785 3140 854 3211 qut
868 3140 944 3191 non
960 3121 1073 3214 perit,
1093 3118 1128 3190 dc

73 3217 195 3292 salvus
211 3214 540 3304 nihilominuafict,
564 3238 610 3291 err
629 3239 699 3311 qua
717 3219 822 3312 perit
874 3218 995 3291 Habes
1014 3223 1127 3290 totius

73 3314 236 3391 hominis
256 3314 541 3409 restitutionem,
580 3318 662 3391 durn
685 3318 741 3409 dt,
788 3318 1032 3408 quodcunque
1053 3319 1130 3407 ejus

74 3415 196 3511 perit,
222 3411 355 3486 salvum
371 3413 525 3487 facturus
545 3414 597 3488 est
613 3419 798 3491 dominus:
826 3416 1132 3507 &quodcumque

74 3534 156 3590 non
177 3514 291 3607 perit,
322 3516 447 3603 utique
465 3534 542 3586 non
567 3518 635 3586 erit
657 3516 869 3610 perditurus.
927 3516 1019 3611 Quia
1036 3518 1131 3587 ultra

76 3616 125 3687 dc
143 3616 327 3703 utriusque
343 3610 541 3685 substantie
558 3611 745 3687 securitate
762 3614 957 3703 dubitabit,
985 3634 1065 3684 curn
1083 3616 1131 3685 al·

76 3725 156 3783 tera
169 3710 314 3783 salutem
329 3710 565 3783 consecutura
575 3712 637 3805 srt,
662 3716 772 3785 altera
786 3710 944 3786 amissura
960 3734 1036 3784 eam
1053 3732 1131 3785 non

77 3807 154 3885 siti
186 3811 219 3882 u
244 3826 363 3883 tamen
387 3811 503 3883 adhuc
527 3809 663 3885 sensum
686 3815 737 3884 rei
761 3812 926 3907 exprimit
947 3812 1132 3883 dominus:

78 3932 147 4002 ego,
174 3909 316 3996 dicent,
342 3916 440 4001 veni,
464 3934 531 3980 non
552 3926 589 3981 ui
604 3936 722 3996 meam,
740 3912 794 3998 sed
811 3926 848 3979 ut
868 3916 988 4001 patrie,
1015 3916 1070 4006 qui
1086 3934 1135 3979 me

78 4008 190 4101 misr,
215 4008 340 4101 fariam
366 4012 573 4080 veluntatem.
630 4012 749 4107 Quam
770 4027 838 4080 oro
864 4007 935 4081 tei
958 4022 1000 4079 ut
1022 4028 1135 4082 omne

77 4108 182 4203 quod
207 4108 307 4182 dedit
328 4109 415 4183 milri
435 4126 513 4183 non
538 4108 682 4201 perdam
702 4126 747 4180 ex
767 4126 812 4181 eo
832 4110 1049 4201 quicquam,
1077 4106 1136 4198 sed

525 4206 649 4293 Nus
948 4204 1088 4279 resusci-
