2400 4590
221 526 282 581 nr
318 502 752 581 Rnauanncrront
791 516 982 579 curura.
1059 512 1130 603 589

72 668 189 761 nan,
215 668 266 741 ita
282 666 316 739 ἀ
330 665 444 763 gratia
459 674 588 759 regnet
601 636 667 769 per
679 662 846 756 iustitiam
865 663 902 739 in
918 664 1030 741 vitam
1043 670 1131 741 lem·

72 771 281 864 pitemam‚
316 785 382 859 per
407 761 522 858 lesum
547 760 723 837 Christum
746 764 931 837 dominum
958 764 1129 843 nostrum.

73 867 275 967 Quomodo
284 865 379 939 istali
390 884 466 938 non
477 884 576 954 eque
585 863 623 935 in
634 862 766 935 carnei
781 862 842 935 ubi
853 865 945 937 enim
955 884 1068 957 mors,
1078 869 1129 941 ibi

74 967 199 1041 &vita
213 963 295 1059 post
308 977 482 1037 mortem:
509 962 724 1054 quintiana
739 962 789 1035 ibi
804 975 907 1054 aute,
932 963 993 1037 ubi
1006 965 1130 1057 postea

70 1084 181 1142 mors.
198 1065 292 1138 Nam
302 1064 325 1136 sr
335 1062 617 1159 regnummortia
627 1062 714 1135 nihil
722 1076 893 1153 operatur
901 1084 1004 1153 quam
1015 1067 1130 1137 carnia

70 1164 354 1238 dissolutionem:
377 1160 527 1256 proinde
538 1163 651 1235 vitarn
666 1162 880 1235 contrariam
895 1164 1024 1257 morti,
1042 1186 1130 1237 con·

70 1268 217 1337 trarium
227 1274 378 1354 oportet
386 1260 540 1354 operari,
548 1258 642 1333 idest
650 1262 763 1335 camis
774 1261 1128 1359 redintegrationem,

68 1367 122 1435 uti
143 1364 231 1435 srcut
250 1362 493 1435 devoraverat
506 1377 605 1432 mora
618 1358 896 1454 invalescendo,
921 1362 1019 1436 ita&
1033 1385 1130 1437 mor-

69 1464 133 1536 tali
151 1463 332 1535 devorato
350 1461 394 1533 ab
414 1460 703 1552 immortalitate,
729 1459 850 1533 audire
868 1461 990 1553 pollitr
1015 1515 1043 1555 „
1052 1462 1129 1539 Ubi

70 1561 123 1635 est
137 1580 234 1635 mors
252 1560 394 1633 aculeus
408 1556 517 1631 tuus?
542 1558 604 1629 ubi
617 1556 668 1631 est
681 1579 781 1632 mors
797 1562 988 1633 contentio
1003 1562 1127 1657 tuni„

67 1662 118 1734 src
139 1662 233 1733 enim
253 1660 287 1731 ta
307 1658 418 1754 gratia
436 1658 511 1731 illic
530 1658 850 1752 superabundavit,
877 1661 939 1733 ubi
954 1660 989 1733 u
1002 1663 1129 1754 iniqui·

69 1773 125 1832 tas
147 1759 353 1833 abundavit.
412 1757 472 1831 Sic
492 1756 661 1829 &virtus
684 1759 721 1829 in
741 1754 947 1832 infirmitate
966 1759 1129 1853 perficie-

70 1872 153 1949 tur,
180 1858 279 1950 quod
293 1856 399 1952 periit
420 1854 553 1931 salvum
576 1854 735 1949 faciens,
762 1856 861 1949 quod
875 1873 1057 1933 mortuum
1076 1861 1128 1936 est

69 1954 282 2050 vivificans,
309 1957 408 2049 quod
423 1952 622 2050 percussum
642 1952 693 2029 est
708 1955 852 2049 sanans,
879 1958 977 2049 quod
990 1960 1127 2056 languit

66 2057 270 2150 medicans,
298 2055 395 2149 quod
419 2069 581 2150 ereptum
600 2052 652 2128 est
672 2056 872 2149 redimens,
900 2060 998 2149 quod
1016 2060 1127 2134 famu·

67 2159 180 2230 latum
211 2156 262 2230 est
286 2157 469 2249 liberans,
511 2154 609 2246 quod
632 2150 810 2229 seductum
841 2154 893 2229 est
922 2176 1125 2254 revocans,

69 2256 170 2346 quod
194 2256 314 2329 elisum
336 2254 387 2329 est
408 2254 593 2328 suscitans:
620 2254 655 2327 se
678 2254 819 2348 quidem
835 2255 880 2329 de
895 2262 1041 2333 terrain
1057 2282 1126 2333 coe·

68 2356 170 2444 lum,
195 2356 256 2426 ubi
274 2356 434 2426 nostrum
450 2354 703 2445 municipatum
721 2354 961 2449 Philippenses
981 2380 1126 2453 quoque

69 2455 114 2526 ab
140 2451 323 2544 Apostolo
347 2451 493 2524 discunt
556 2451 665 2523 Unde
689 2450 723 2523 ἃ
745 2451 1033 2531 salrrtificatorem
1059 2482 1126 2531 no·

67 2548 177 2625 strum
195 2549 417 2641 expectamus
434 2548 551 2644 Jesum
568 2547 763 2641 Christum,
790 2554 848 2640 qui
861 2553 1127 2650 transfigurabit

70 2670 203 2743 corpus
226 2647 355 2725 nostrae
376 2647 609 2741 humilitatis,
636 2647 859 2722 conformale
880 2657 1028 2744 corpori
1049 2658 1127 2751 glo·

68 2750 130 2820 riae
149 2746 240 2839 sua,
276 2748 346 2820 sme
372 2747 483 2818 dubio
508 2745 589 2838 post
611 2744 922 2823 resurrectionem:
957 2755 1038 2845 quia
1056 2777 1126 2828 nec

68 2846 142 2942 ipse
165 2845 322 2920 Christus
345 2843 565 2943 glorificatus
593 2846 643 2919 est
667 2858 750 2919 ante
770 2846 972 2939 pasionem.
1035 2855 1125 2931 Haeo

69 2961 176 3021 erunt
200 2968 356 3039 corpora
376 2945 515 3039 nostra,
548 2965 625 3037 quae
639 2944 824 3021 Romanos
846 2948 1008 3025 obsecrat
1027 2956 1125 3029 exbi-

69 3050 181 3141 bere,
217 3046 365 3121 hostiam
391 3048 543 3138 vivam,
581 3043 756 3140 sanilam,
789 3050 997 3141 placabilem
1024 3055 1124 3131 Deo.

71 3147 272 3244 Quomodo
295 3152 447 3235 vivam,
480 3146 682 3237 irperitura
701 3144 805 3219 sunt?
844 3154 1029 3241 quomodo
1050 3154 1125 3228 san·

71 3244 174 3334 nan,
192 3247 215 3318 sr
232 3246 381 3336 profana
393 3242 497 3318 suntl
512 3245 698 3337 quomodo
713 3246 908 3343 placabilia,
923 3252 946 3324 fi
960 3252 1124 3328 damnata
1171 3272 1174 3277 ·

68 3341 178 3418 sunt?
203 3342 284 3439 Age
302 3346 373 3435 jam
398 3344 494 3436 quod
514 3344 557 3417 ad
572 3342 899 3421 Thessalonicenses
917 3351 1019 3442 ipsius
1039 3351 1123 3427 solis

68 3444 171 3516 radio
194 3460 316 3536 putem
335 3443 523 3538 scriptum,
549 3445 599 3515 ita
616 3446 747 3535 claret,
774 3450 923 3535 qualiter
946 3453 1124 3543 accipient

67 3543 180 3618 lucisu
204 3566 232 3615 ae
255 3543 307 3615 isti
329 3543 596 3636 scripturarum:
629 3542 737 3635 „ipse
757 3556 874 3618 autem
900 3548 999 3620 Deus
1025 3554 1122 3642 pacio

68 3565 262 3717 smffiicet
285 3665 355 3715 vos
378 3642 543 3734 torosi„
588 3642 679 3715 Non
703 3640 846 3734 sufficit,
870 3645 928 3718 sed
952 3648 1120 3745 sequitur,

70 3740 106 3812 ilc
127 3745 303 3837 integrum
327 3762 459 3834 corpus
480 3740 658 3833 vestrum,
693 3740 861 3816 &anima
885 3742 1023 3837 spiritus
1048 3752 1122 3825 sine

69 3844 213 3931 querela
242 3843 501 3915 conserventur
527 3842 565 3913 in
592 3839 774 3933 praesentia
799 3844 962 3917 dominii
986 3844 1121 3925 ‘Habes

68 3960 212 4013 omnem
238 3941 459 4016 substantiam
484 3942 637 4015 hominis
664 3939 763 4013 saluti
783 3942 1015 4040 destinatam,
1050 3966 1121 4023 nec

67 4040 139 4113 alio
155 4056 320 4137 tempore
340 4064 444 4135 quarn
460 4044 497 4118 in
512 4041 672 4117 adventu
684 4040 841 4135 domini,
868 4047 928 4137 qui
943 4050 1053 4123 clavis
1069 4048 1121 4124 est

63 4138 343 4219 resurrectionis.

917 4264 976 4342 48.
1003 4248 1088 4325 Sed¹
