2400 4590
204 570 216 590 ..
332 484 842 593 assonatione.
1067 543 1111 619 ῃ

54 669 217 747 iacuerit
240 666 405 765 loannes
425 670 594 767 adorare,
619 674 719 767 quod
742 686 886 751 terrena
908 675 1112 761 celestibus

55 768 230 845 ttfferint.
254 770 328 865 ,Qui
337 770 535 869 deterreris,
548 772 679 867 inquit,
692 791 818 847 terrena
828 776 942 869 satur,
957 778 996 853 U
1005 784 1061 877 qui
1074 782 1113 853 sc

54 874 124 941 oesir
132 870 236 967 adesi.
244 896 313 967 qua
318 870 448 943 visino
455 872 606 969 loquitur.
620 868 668 945 Et
676 874 758 965 quid
768 896 845 949 non
854 874 1111 971 cmleste,quod

54 966 201 1045 Domini
218 966 350 1045 Christi
367 968 446 1043 ests
470 986 510 1045 ut
521 972 600 1047 haec
613 990 758 1064 quoque
773 975 899 1047 orandi
917 974 1109 1069 disciplina.

54 1066 329 1145 Consideremus
348 1070 493 1165 itaque,
524 1066 727 1163 benedisii,
759 1072 936 1149 coelostem
959 1074 1035 1165 ejus
1053 1074 1112 1151 so·

54 1168 186 1263 pilam,
213 1168 254 1247 io
272 1169 391 1265 primis
406 1170 453 1243 de
468 1181 653 1265 precepto
670 1168 808 1244 secrete
822 1172 1009 1247 adorandi:
1036 1194 1110 1267 quo

54 1264 212 1345 isidem
237 1268 393 1343 hominis
413 1270 599 1365 exigebat,
624 1281 666 1343 ut
690 1268 761 1344 Dei
788 1273 1051 1361 omnipotentis
1076 1272 1112 1347 ia

54 1364 334 1461 conspectum&
354 1368 513 1443 auditum
533 1370 596 1443 sub
620 1364 721 1443 tetiis
749 1368 834 1443 &in
858 1368 984 1443 abditis
1001 1372 1112 1447 etiam

54 1464 157 1541 uelle
175 1462 409 1561 confideret,
435 1464 470 1541 u
486 1464 686 1543 modestum
702 1464 787 1542 fidei
801 1466 1042 1565 desiderabat,
1067 1484 1110 1545 ut

54 1586 150 1659 quem
165 1566 309 1659 ubique
328 1564 450 1641 audire
468 1565 502 1641 δι
519 1566 643 1641 videre
662 1564 810 1661 fideret,
835 1568 866 1640 ei
884 1565 949 1641 soli
968 1568 1110 1665 religio·

54 1686 124 1739 rem
141 1662 246 1739 suam
262 1662 433 1755 offerrem
459 1664 630 1759 sequente
645 1664 770 1761 sophia
785 1668 821 1739 in
843 1666 1005 1757 sequenti
1021 1688 1111 1762 pre·

54 1782 183 1859 cept03
213 1763 370 1859 proinde
380 1766 559 1860 pertineat
570 1762 993 1841 adfidem&modcstiam
1005 1762 1111 1861 fidei,

54 1862 161 1939 inon
186 1867 331 1961 agmine
351 1865 547 1939 verborum
571 1862 772 1939 adeundum
790 1878 956 1958 putemus
973 1864 1018 1937 ad
1033 1862 1112 1939 Do·

54 1968 212 2057 mum,
239 1984 347 2057 quem
364 1964 462 2037 ultro
481 1961 550 2036 suis
567 1962 771 2059 prospicere
788 1965 877 2038 certi
896 1961 1034 2037 fumosa
1058 1974 1111 2039 at·

54 2084 165 2139 amen
183 2064 347 2143 brevitas
367 2058 451 2155 ista,
476 2062 575 2155 quod
590 2063 634 2136 ad
654 2063 800 2137 tertium
814 2061 946 2158 sophiae
962 2062 1110 2159 gradum

54 2162 164 2255 iciat,
194 2182 332 2259 magnae
344 2183 386 2235 ac
399 2162 512 2237 beatae
522 2164 830 2257 interpretationis
843 2160 1032 2235 substantia
1042 2160 1109 2235 sul-

54 2262 164 2349 aest,
195 2272 439 2357 quantumque
460 2258 701 2359 substringitur
718 2263 855 2341 verbis,
877 2272 1016 2336 tanturn
1043 2260 1109 2337 dif-

54 2362 212 2435 Tunditur
229 2360 396 2437 sensibus.
447 2360 580 2452 Neque
600 2362 695 2437 enim
712 2363 857 2456 propria
872 2374 1011 2435 tantum
1029 2380 1109 2435 ora·

54 2464 152 2535 ionis
173 2458 296 2535 officia
319 2462 508 2553 complexa
532 2459 601 2546 est,
629 2464 905 2533 venerationem
926 2461 1020 2552 Dei,
1047 2472 1109 2533 aot

54 2564 204 2635 :ominis
217 2562 456 2655 petitionem
480 2559 538 2633 sed
550 2581 694 2634 omnem
710 2582 804 2652 pene
821 2559 1021 2633 sermonem
1032 2558 1110 2631 Do·

54 2661 150 2754 nini,
166 2681 317 2733 omnem
328 2660 712 2735 commemorationem
729 2660 933 2750 discipline,
950 2671 992 2728 ut
1007 2678 1111 2728 reve·

54 2780 82 2831 :a
99 2762 136 2833 in
164 2760 337 2831 oratione
357 2760 576 2833 breviarium
596 2758 710 2829 totius
732 2754 921 2851 Evangelii
945 2774 1111 2848 compre.

54 2862 241 2933 ¹tendatur.

114 2982 150 3033 2.
180 2957 315 3050 Incipit
329 2956 569 3034 atestimonio
583 2955 657 3029 Dei
674 2952 851 3028 &merito
869 2948 973 3044 fidei,
999 2971 1110 3045 quum

54 3056 221 3148 licimus,
253 3064 365 3147 Pater,
390 3064 444 3156 qui
464 3058 598 3127 incolis
620 3082 662 3127 es.
713 3050 861 3125 Nam&
890 3050 1008 3125 Deum
1032 3074 1111 3127 ora·

54 3180 142 3251 nus,
163 3155 199 3229 δι
218 3152 325 3232 fidem
337 3156 651 3246 commendamus,
670 3155 769 3245 cujus
784 3147 950 3227 meritum
966 3150 1016 3223 est
1031 3151 1110 3225 haec

54 3258 261 3352 [ppellatiO.
308 3254 485 3351 Scriptum
503 3254 576 3348 est,
601 3258 673 3349 Qui
686 3260 722 3324 in
738 3277 806 3323 eum
825 3252 1032 3326 crediderim.
1059 3252 1111 3318 de·

54 3360 90 3429 sit
117 3362 166 3427 eis
191 3357 389 3451 potestatem,
423 3372 460 3426 ul
484 3356 555 3445 filii
582 3360 647 3427 Dei
677 3369 840 3425 vocentur.
893 3352 1110 3445 Quanquam

54 3454 327 3549 'aequentiffirne
355 3454 536 3529 Dominus
569 3468 707 3548 patrem
741 3452 855 3525 nobis·
884 3446 1112 3543 pronutiavit

54 3554 190 3631 Deum:
219 3557 329 3629 immo
353 3555 386 3628 ἀ
408 3555 605 3649 precepit,
630 3573 799 3643 nequem
820 3556 855 3620 in
875 3552 1111 3641 terrisparrem

54 3681 212 3739 arcemur,
239 3656 300 3752 nifi
323 3679 415 3753 quem
436 3656 584 3726 habemus
607 3658 642 3723 in
658 3654 756 3723 celis.
807 3650 934 3738 ltaque
955 3644 1000 3716 stc
1027 3645 1112 3716 ado·

54 3773 167 3829 rantes
185 3756 294 3829 etiarn
310 3768 529 3847 preceptum
547 3754 696 3825 obimus.
736 3748 877 3823 Felices
896 3745 953 3833 qui
972 3758 1113 3839 patrem

54 3854 252 3949 agnoscunt
293 3856 376 3927 Hoc
394 3853 457 3943 est,
483 3851 581 3945 quod
597 3848 711 3923 Israeli
728 3848 985 3940 exprobratur,
1012 3840 1113 3935 quod

54 3958 176 4029 culum
196 3977 239 4027 ac
255 3966 384 4027 terram
400 3952 538 4046 spiritus
554 3948 795 4036 contestatur,
826 3945 948 4036 illios,
975 3944 1113 4026 dicens,

54 4062 149 4145 genui,
163 4057 199 4127 ἃ
214 4054 268 4125 isli
277 4079 397 4127 menon
407 4066 616 4145 ignoverunt.
643 4046 816 4121 Dicendo
832 4055 950 4117 autem
960 4057 1113 4135 patrem,

54 4150 168 4231 Deum
183 4175 332 4253 quoque
347 4154 656 4337 cognominamus.
681 4144 894 4244 Appellatio
908 4140 970 4217 ista
979 4138 1114 4315 tiactiqgie·
