2400 4590
127 568 188 623 na
222 522 885 631 Reseraacmone'cnams.
963 568 1035 649 547

45 731 104 808 qus
120 708 304 784 existimat.
355 706 438 783 Nos
457 724 575 784 autem
590 712 739 786 animam
754 720 980 805 corpora'em
1002 716 1036 789 δι

45 807 289 905 profitemur,
327 807 420 882 &in
445 807 507 881 suo
530 812 716 884 volumine
732 814 948 907 probamui,
973 816 1035 889 ira-

49 928 119 984 tem
146 912 332 1003 proprium
360 930 472 1005 genus
497 907 694 983 substantiae
722 910 937 1004 soliditatis,
971 935 1035 1006 per

45 1033 76 1084 m
96 1009 228 1102 quid&
247 1008 376 1081 sentire
390 1008 424 1079 u
437 1011 511 1103 pati
526 1008 641 1103 pouit.
695 1009 787 1083 Nam
802 1010 836 1085 tr
850 1032 947 1085 nunc
966 1016 1036 1087 ani·

70 1109 254 1200 torqueri,
281 1107 473 1199 foverique
492 1130 601 1201 penes
619 1106 779 1202 inferos,
806 1112 891 1183 iicet
908 1113 1036 1206 nudas,

45 1224 58 1280 t
74 1209 189 1283 adhuc
204 1208 326 1279 exules
345 1210 478 1297 carnis,
498 1204 666 1300 probabit
680 1206 807 1282 Lazari
822 1213 1035 1301 exemplum.

45 1309 67 1379 ii
87 1309 193 1403 igitur
213 1304 417 1380 adversario
442 1306 580 1380 dicere:
614 1329 701 1405 ergo
727 1330 804 1401 qure
826 1310 932 1383 haber
956 1332 1036 1384 cor-

45 1408 168 1478 entiam
188 1410 395 1499 propriam,
428 1406 473 1479 de
496 1404 561 1479 suo
582 1404 730 1481 sufficiet
758 1410 800 1482 ad
827 1410 1036 1484 facultatem
1068 1438 1071 1443 ·
1141 1446 1147 1454 ·

45 1506 136 1579 ionis
155 1502 341 1599 defensus,
367 1518 501 1579 utnon
522 1521 626 1604 egeat
640 1506 946 1601 representatione
962 1530 1036 1583 car·

45 1662 52 1697 ,
79 1607 152 1678 imo
177 1619 324 1677 eatenus
346 1604 487 1700 egebit:
515 1625 593 1677 non
612 1607 695 1699 quia
711 1606 841 1681 sentire
862 1604 945 1698 quid
963 1610 1036 1683 fine

46 1726 82 1776 re
102 1724 176 1776 non
190 1700 314 1799 poffit,
339 1701 399 1777 sed
413 1702 708 1795 quianecesseest
722 1708 815 1780 illam
836 1710 939 1781 etiam
955 1730 1036 1783 cum

46 1825 82 1876 re
105 1802 244 1877 sentire.
309 1804 493 1899 Quantum
517 1804 611 1876 enim
633 1804 676 1879 ad
702 1806 874 1902 agendum
902 1808 946 1881 de
973 1808 1035 1879 suo

50 1906 122 1995 cit,
154 1918 292 1979 tantum
312 1902 347 1973 dt
369 1904 413 1977 ad
432 1902 650 1996 patiendum.
699 1904 759 1977 Ad
784 1908 957 2001 agendum
978 1928 1036 1977 an-

46 2004 177 2075 ninus
196 2002 239 2075 de
259 2000 324 2075 suo
338 1998 473 2076 sufficit.
521 1998 644 2076 Habet
662 2003 755 2076 enim
769 2002 813 2079 de
831 2003 893 2079 suo
910 2006 1038 2078 sotum-

46 2102 84 2173 io
103 2104 283 2199 cogitare,
310 2102 424 2194 veile,
452 2121 606 2193 cupere,
633 2101 832 2196 disponere.
882 2102 1038 2197 Adpet-

46 2201 164 2274 andum
184 2216 303 2274 autem
316 2221 463 2293 operam
480 2202 595 2275 carnis
614 2200 788 2295 expediat.
838 2202 898 2277 Sic
916 2204 1037 2297 iraque

46 2301 65 2373 d
84 2302 289 2393 patiendum
305 2298 514 2374 societatem
530 2304 643 2375 carnis
661 2300 883 2395 expostulat,
906 2318 947 2376 ut
964 2320 1036 2379 tam

46 2424 79 2472 re
101 2421 166 2495 per
188 2421 266 2473 eam
287 2400 361 2491 pati
380 2398 502 2493 possit,
530 2420 634 2492 quam
652 2402 723 2474 fine
744 2424 786 2475 ea
807 2406 914 2495 plene
930 2425 1036 2495 apere

46 2534 49 2571 ι
74 2498 206 2592 potuit.
257 2494 307 2568 Et
327 2497 410 2569 ideo
434 2500 471 2570 in
491 2517 567 2587 quae
588 2498 632 2571 de
649 2498 713 2571 suo
734 2499 881 2593 sufficit,
909 2525 1037 2577 eorum

49 2600 114 2671 rim
135 2596 344 2671 sententiam
364 2598 508 2690 pendit,
542 2596 860 2690 concupiscentiae,
888 2600 1038 2695 &cogi-

46 2722 89 2788 :s,
117 2698 377 2770 &voluntatia
427 2695 544 2769 Porro
558 2694 583 2769 s1
596 2698 673 2769 haec
687 2692 765 2768 satis
781 2695 890 2768 essent
905 2700 945 2769 ad
963 2702 1037 2789 pie·

46 2799 170 2871 :dinem
186 2796 422 2887 meritorum,
447 2809 581 2868 utnon
598 2800 865 2888 requirerentur
882 2796 914 2869 u
933 2797 1036 2891 sada,

49 2911 150 2970 ceret
171 2899 207 2968 in
228 2909 349 2968 toturn
372 2897 486 2970 anima
510 2894 553 2969 ad
575 2894 833 2991 perfectionem
848 2898 971 2989 judicii
994 2898 1039 2970 de

47 2997 260 3090 iudicanda,
292 2996 328 3066 in
349 3016 425 3086 quae
446 2994 579 3091 agenda
602 2994 676 3068 sola
696 2994 895 3072 suffecerat.
947 2997 1040 3071 Cum

47 3118 67 3167 o
91 3099 196 3168 etiam
218 3092 310 3169 faita
333 3093 496 3167 devincta
519 3095 586 3168 fint
608 3095 773 3188 meritis,
809 3095 897 3170 faeta
920 3112 1039 3171 autem

63 3215 204 3267 carnem
228 3193 531 3268 administrentur:
553 3198 720 3287 jamnon
740 3193 865 3268 sufficit
889 3199 1040 3269 animam

73 3312 179 3365 carne
199 3294 347 3387 foveri,
378 3294 453 3367 five
474 3294 622 3367 cruciari
645 3316 712 3387 pro
739 3298 909 3387 operibus
933 3298 1040 3367 etiam

47 3394 117 3481 nis3
144 3393 205 3466 etsi
230 3394 339 3467 habet
361 3414 515 3487 corpus,
543 3394 602 3467 etsi
627 3396 734 3465 habet
753 3396 933 3482 membra3
963 3412 1039 3481 quae

47 3492 130 3565 inde
145 3491 195 3564 illi
211 3513 288 3567 non
300 3491 474 3566 sufficiunt
490 3493 533 3565 ad
549 3491 766 3566 sentiendum
784 3497 903 3586 plene,
918 3514 1038 3584 quem·

47 3592 168 3667 rodum
187 3614 255 3666 nec
273 3592 316 3664 ad
334 3591 506 3688 agendum
523 3590 690 3686 persede.
742 3592 860 3665 Idciro
877 3613 944 3685 pro
965 3612 1037 3683 quo

47 3693 88 3764 do
109 3694 204 3787 egit,
230 3714 299 3787 pro
316 3712 362 3765 eo
379 3692 561 3784 &patitur
574 3690 666 3785 apud
681 3692 840 3779 inferos,
867 3694 967 3785 prior
980 3692 1039 3763 de·

47 3814 115 3864 :ans
128 3791 300 3885 judicium
320 3793 409 3865 sicut
427 3794 528 3885 prior
546 3792 687 3863 induxit
708 3789 903 3864 admissum:
932 3812 1039 3883 expe·

47 3912 71 3962 ιε
86 3904 206 3965 tamen
224 3892 257 3963 dr
273 3912 436 3983 carnem,
463 3907 505 3964 ut
520 3912 584 3985 per
599 3891 693 3963 illam
709 3893 815 3963 etiam
834 3888 922 3961 satia
940 3912 1038 3962 com·

48 3990 119 4082 set,
155 3995 211 4063 cui
239 3993 397 4087 cogitata
422 3992 617 4065 mandavit.
678 3990 846 4080 Denique
871 3990 946 4062 hac
971 3989 1040 4061 erit

47 4092 119 4162 oin
135 4093 296 4164 ultimum
314 4086 421 4163 finem
437 4090 598 4165 destinati
608 4086 746 4182 jndicii,
760 4104 801 4161 ut
814 4088 1040 4163 exhibitione

47 4193 90 4266 tis
112 4193 228 4265 omnis
248 4190 370 4264 divina
386 4189 532 4369 cenbfisra
548 4184 675 4283 perfici
696 4188 810 4284 poffit.
861 4186 1039 4279 Alioquin

498 4312 577 4365 ma
912 4308 991 4362 non
