2468 4530
302 458 674 587 numurus.
781 506 786 517 ·
948 476 1025 562 335

63 684 68 704 .
119 623 254 701 Anima
274 637 395 700 autem
412 644 482 699 nec
499 621 716 699 extrinsecus
730 628 961 723 movebitur,
976 642 1022 703 nt

63 724 191 801 nonsit
208 725 428 821 inanimalis,
453 746 523 797 nec
538 724 769 819 intrinsecus,
793 739 836 799 ut
856 748 933 819 quae
947 727 1020 825 ipsa

63 848 82 900 s
105 838 255 901 moveat
280 844 424 918 corpus.
473 822 601 916 Itaque
617 845 694 899 non
710 826 825 900 videri
845 848 923 901 eam
939 848 1020 903 cor·

75 946 151 1018 quae
171 946 249 1002 non
269 924 513 1017 corporalium
533 924 651 997 forma
674 946 719 997 ex
737 928 852 1017 aliqua
867 927 1019 1021 regione

63 1039 159 1100 eatur.
210 1023 273 1097 Ad
292 1026 367 1109 hoc
389 1043 460 1098 nos
484 1024 690 1097 mirabimur
708 1026 1021 1123 incongruentiam

63 1148 73 1198 >
98 1121 319 1199 definitionis
338 1123 579 1218 provocantis
598 1124 643 1197 ad
660 1146 703 1199 ea
721 1146 798 1217 quae
813 1128 850 1200 in
868 1127 1020 1203 animam

63 1222 299 1301 conveniunt.
345 1222 437 1297 Non
464 1223 560 1299 enim
584 1222 707 1316 potest
730 1227 843 1299 anima
868 1226 1021 1301 animale

63 1348 89 1397 ts
105 1325 197 1418 dici,
224 1337 286 1397 aut
300 1323 506 1397 inanimale:
527 1342 625 1399 ,cum
643 1322 716 1419 ipsa
731 1324 772 1397 sit
792 1346 870 1417 quae
888 1340 951 1399 aut
967 1324 1020 1400 sa·

66 1446 177 1523 orpus
195 1424 364 1516 animale,
394 1422 419 1497 si
437 1422 546 1516 adst,
573 1434 635 1497 aut
650 1424 857 1517 inanimale,
885 1424 908 1499 fi
929 1425 1022 1501 abiit

63 1548 95 1602 o.
153 1528 277 1616 ltaque
293 1524 392 1617 quod
408 1522 516 1615 facit,
542 1543 619 1596 non
636 1523 757 1617 potest
773 1522 843 1598 esse
857 1525 948 1621 ipsa,
974 1538 1019 1599 ut

63 1647 92 1699 rr
117 1626 264 1699 animale
287 1626 347 1697 vel
369 1621 566 1697 inanimale.
616 1619 749 1697 Anima
770 1626 865 1698 enirn
885 1626 1017 1699 dicitur

63 1730 150 1800 ntiae
170 1723 237 1798 suae
255 1723 415 1799 nominc.
466 1722 580 1823 Quod
600 1721 626 1796 ii
648 1743 726 1797 non
750 1725 845 1818 capit
865 1725 1016 1799 animale

63 1850 84 1900 ts
107 1827 176 1899 dici
196 1840 258 1899 aut
274 1824 462 1899 inanimale
481 1822 579 1915 quod
598 1819 650 1897 est
663 1824 798 1916 anima,
824 1825 1015 1915 quomodo

63 1929 215 2001 stabitur
233 1924 279 1999 ad
292 1924 494 2000 animalium
507 1922 796 1997 &inanimalium
815 1944 1015 2021 corporum

63 2026 129 2102 ‚mi
164 2024 348 2099 Dehincfi
368 2023 536 2119 corporis
555 2020 607 2095 est
626 2024 769 2098 moveri
793 2025 1014 2101 extrinsecus

63 2148 151 2219 guo,
166 2126 383 2200 ostendimus
399 2140 517 2197 autem
536 2122 638 2216 supra
649 2125 792 2199 moveri
811 2125 961 2199 animam
978 2124 1014 2199 δι

63 2250 102 2320 o,
120 2249 201 2299 cum
215 2226 456 2318 vaticinatur,
474 2244 556 2297 cum
571 2224 678 2317 furit,
693 2226 820 2317 utique
840 2224 1011 2300 extrinse-

67 2349 147 2399 cum
169 2329 211 2398 ab
233 2328 323 2397 alio:
346 2327 478 2399 merito
496 2325 595 2415 quod
612 2326 824 2397 movebitur
839 2323 1012 2401 extrinse-

63 2425 185 2516 salio,
205 2422 396 2496 secundum
410 2421 564 2515 exempli
575 2424 862 2516 propositionem
875 2446 1011 2517 corpus

63 2524 152 2596 cam.
202 2520 400 2593 Enimvero
415 2522 441 2595 sr
457 2524 501 2595 ab
516 2524 588 2594 alio
602 2524 744 2595 moveri
760 2524 926 2615 corporis
945 2524 1011 2615 est,

65 2645 90 2695 o
116 2623 225 2718 magis
254 2639 406 2693 movere
433 2618 554 2693 aliud‘l
587 2619 717 2692 Anima
745 2634 863 2693 autem
881 2634 1012 2695 movet

63 2748 105 2815 s,
130 2723 164 2794 δι
181 2732 335 2793 conatus
351 2721 426 2811 eius
442 2715 661 2793 extrinsecus
675 2718 764 2792 ioris
778 2735 915 2815 parcnt.
949 2718 1010 2799 Ab

63 2825 81 2898 l
100 2826 195 2897 enim
220 2818 366 2917 impingi
384 2818 542 2915 &pedes
558 2820 595 2892 in
611 2818 802 2915 incessum,
835 2820 1010 2897 &manua

63 2922 233 3014 itanum,
260 2921 296 2993 bs
317 2922 447 2995 oculos
468 2921 507 2993 in
527 2919 774 3015 conspectum,
800 2922 1009 3021 &linguam

63 3028 188 3113 atum,
221 3023 326 3095 velut
350 3020 516 3119 sigillario
541 3036 646 3098 motu
669 3020 887 3116 superficiem
908 3026 1007 3101 intus

63 3142 116 3199 te.
168 3120 277 3195 Unde
295 3122 373 3195 lraec
394 3121 485 3197 visio
503 3121 725 3217 incorporali
743 3128 885 3221 animae,
908 3130 1008 3202 unde

63 3249 73 3296 e
87 3226 139 3298 rei
161 3220 273 3295 solida
288 3224 503 3314 propellere.
551 3222 623 3297 Sed
635 3228 824 3317 quomodo
839 3228 938 3301 divisi
954 3228 1008 3297 vi·

63 3345 80 3395 r
102 3328 138 3397 in
154 3324 300 3397 bomine
314 3318 428 3395 sensus
451 3326 658 3418 corporales
670 3326 706 3397 ἀ
721 3320 1007 3399 intelletiualesi

63 3424 200 3497 >rabum
226 3424 327 3515 ajunt
348 3442 469 3497 rerum
490 3426 700 3517 qualitates,
736 3442 779 3497 ut
804 3440 930 3515 terra,
964 3438 1008 3497 ut

63 3525 308 3619 corporalibus
329 3519 483 3597 senibus
505 3526 727 3617 renuntiari,
751 3540 795 3595 ut
808 3522 939 3615 tason,
963 3538 1007 3599 ut

106 3622 395 3717 incorporalium
424 3643 519 3697 vero
544 3622 842 3699 intellectualibus
868 3642 1007 3697 conve·

63 3741 100 3799 ut
116 3724 368 3821 benignitatis,
395 3736 440 3794 ut
455 3724 697 3819 malignitatis.
749 3720 1008 3811 ltaqueincor·

63 3850 105 3900 nn
132 3824 204 3898 eise
227 3824 378 3895 animam
403 3821 562 3909 constat,
588 3824 689 3914 cujus
715 3820 902 3911 qualitates
928 3842 1006 3897 non

64 3928 221 4015 somus,
257 3922 317 3994 sed
342 3920 638 3994 intellesiualibus
664 3917 817 3992 sensibus
843 3940 1008 4015 compre·

63 4044 157 4103 ntur.
206 4022 336 4112 Plane,
362 4022 480 4093 sinon
499 4020 604 4111 hujus
624 4016 846 4091 delinitionis
859 4022 1009 4119 gratim

63 4126 146 4205 iero.
203 4122 305 4200 Ecce
324 4118 421 4195 canu
436 4120 682 4213 incorporalia
699 4115 853 4195 ostendo
873 4142 1026 4217 empne

889 4226 979 4301 rair-

719 4444 837 4468 ⁴-
