2468 4530
224 123 287 174 nn
320 100 752 173 Rueunnucrronr.
789 120 981 173 canurs.
1058 122 1127 193 543

70 266 192 342 noster
208 261 359 349 merito;
385 262 519 353 judex,
546 262 626 352 quia
642 261 828 348 dominus;
863 262 992 333 merito
1016 259 1128 333 domi-

70 388 160 458 nus,
187 363 268 454 quia
283 360 427 449 audon
452 362 583 434 merito
602 358 747 453 audior,
773 362 854 453 quia
870 359 982 434 Deus.
1033 360 1129 433 Hinc
1178 390 1181 397 ’

73 466 109 538 dc
122 466 200 557 iiie,
226 458 459 551 nescioquis,
479 460 727 534 hereticorum
736 482 753 533 ι.
770 460 901 533 merito
915 478 991 531 non
1003 456 1128 551 judex,

71 584 150 639 non
172 561 264 636 enim
283 560 396 631 Deus.
429 556 603 631 ··Merito:
635 579 712 632 non
730 558 913 633 dominus:
943 576 1020 629 non
1035 558 1150 651 enim,

73 661 207 737 auctor.
258 657 391 732 Nescio
410 658 481 750 jam
504 659 528 731 s1
551 657 676 750 Deus,
711 660 771 750 qui
793 681 861 732 nec
883 658 1006 731 audior
1031 656 1130 748 quod

70 763 201 854 Deus,
227 779 296 831 nec
320 758 485 831 dominus
508 758 607 848 quod
629 756 765 834 audior.
815 758 926 855 Igitur
947 759 971 831 sr
989 756 1072 828 Deo
1094 755 1130 827 dt

70 863 222 935 domino
244 858 279 931 δι
301 856 436 931 auctori
464 858 809 953 congruentissimum
831 857 881 932 est
900 857 1071 949 judicium
1090 857 1128 928 in

69 963 255 1036 hominem
275 957 467 1048 destinare,
493 955 630 1030 dehoc
652 956 727 1051 ipso
751 979 797 1032 an
820 958 1001 1031 dominum
1019 954 1053 1027 dt
1069 975 1129 1028 au·

72 1061 209 1133 ctorem
223 1056 320 1131 suum
334 1054 525 1153 agnoscere
542 1055 782 1131 &observare
798 1072 955 1131 curaret:
969 1077 1013 1129 an
1028 1077 1127 1143 non3

69 1162 192 1249 itaque
205 1156 376 1249 judicium
393 1154 601 1229 resurrectio
622 1156 829 1253 expunget?
854 1158 942 1231 Haec
963 1158 1031 1229 erit
1048 1166 1130 1227 tota

68 1254 205 1348 caussa,
226 1257 299 1328 imo
314 1253 495 1329 necessitas
507 1254 794 1348 resurrectionis,
820 1254 1129 1353 congruentissima

67 1355 205 1430 scilicet
224 1355 308 1429 lieo
332 1353 519 1428 destinatio
540 1356 685 1447 judicii,
719 1355 763 1428 de
781 1356 881 1448 cujus
899 1354 1128 1449 dispositione

67 1454 252 1549 dispicias,
278 1475 323 1528 an
338 1455 481 1546 utrique
495 1450 691 1528 substantiae
707 1456 866 1529 humanae
880 1454 1127 1548 dijudicandae,

68 1554 216 1630 censura
231 1555 353 1628 divina
366 1552 573 1649 presideat,
609 1568 682 1628 tam
699 1555 822 1628 animae
842 1557 997 1647 quam&
1017 1556 1126 1631 carni.

68 1655 183 1757 Quod
209 1656 303 1729 enim
327 1666 505 1751 congruet
521 1652 694 1749 judicari,
720 1654 794 1729 hoc
816 1669 1000 1747 competet
1021 1657 1129 1729 etiam

65 1751 272 1828 resuscitari.
299 1752 462 1828 Dicimus
479 1753 623 1847 plenum
639 1756 756 1848 primo
768 1753 1036 1848 persedumque
1052 1776 1128 1829 cre·

67 1854 224 1928 dendum
237 1854 408 1945 judicium
428 1850 526 1945 Dei,
551 1868 593 1925 ut
611 1854 775 1929 ultimum
788 1856 860 1947 iam
876 1856 982 1947 atqu'e
997 1856 1128 1929 exinde

66 1968 295 2047 perpetuum.
345 1950 401 2022 Ut
419 1951 466 2022 src
487 1970 633 2041 quoque
645 1953 796 2045 justum,
822 1954 906 2027 dum
922 1976 999 2028 non
1014 1958 1051 2027 in
1067 1956 1129 2027 ali·

67 2072 145 2142 quo
167 2051 293 2121 minus.
343 2047 398 2118 Ut
418 2046 467 2120 sic
487 2068 633 2138 quoque
651 2050 735 2122 Deo
758 2052 927 2144 dignum,
953 2054 1037 2125 dum
1057 2074 1127 2145 pro

63 2162 170 2221 tanta
188 2146 263 2237 ejus
278 2145 452 2237 patientia
468 2146 612 2236 plenum
624 2159 731 2237 atque
746 2147 954 2239 persedum.
1002 2150 1130 2241 ltaque

61 2246 326 2345 plenitudinem
350 2241 679 2336 perfectionemque
702 2245 855 2337 iudicii,
892 2267 968 2318 non
995 2248 1057 2320 nisr
1082 2250 1129 2322 de

62 2347 183 2421 totius
216 2344 370 2417 hominis
402 2340 716 2436 representatione
749 2343 923 2419 constare.
986 2345 1127 2424 Totum

64 2466 184 2543 porro
202 2442 385 2518 hominem
406 2463 452 2515 ex
469 2444 653 2535 utriusque
671 2440 867 2517 substantie
889 2447 1127 2522 concretione

65 2566 214 2643 parere:
240 2543 450 2633 idcircoque
467 2541 504 2614 in
518 2542 718 2635 inutraque
734 2544 993 2637 exhibendum,
1021 2567 1126 2637 quem

66 2659 189 2719 totum
211 2655 384 2740 oporteat
405 2640 572 2733 iudicari:
605 2642 665 2734 qui
682 2643 744 2717 nisi
764 2657 886 2738 totus,
911 2647 1126 2738 utiquenon

65 2744 215 2818 vixerit.
267 2743 393 2914 (gualis
421 2760 507 2838 ergo
532 2743 689 2835 vicunt,
722 2745 829 2819 talem
843 2744 1010 2837 judicari:
1044 2748 1126 2838 quia

68 2842 117 2915 de
136 2861 183 2914 eo
203 2860 276 2933 quo
318 2841 473 2935 vixerit,
501 2842 629 2915 habeat
644 2844 804 2935 judicari.
854 2845 943 2918 Vita
963 2845 1013 2918 est
1031 2848 1126 2921 enim

10 2962 30 3051 's
69 2938 186 3015 caussa
207 2940 349 3034 judicii,
381 2960 447 3033 per
464 2955 525 3015 tot
545 2939 750 3017 substantias
774 2940 1033 3042 dispungenda,
1060 2962 1125 3037 pet·

66 3054 163 3137 quot
181 3039 215 3112 δι
231 3038 351 3113 funda
365 3040 426 3114 est.
1075 3084 1078 3089 -

145 3158 202 3227 ις.
228 3136 311 3237 Age'
316 3140 389 3233 jam
402 3135 562 3214 scindant
577 3138 765 3215 adversarii
775 3140 907 3234 nostri,
925 3144 1040 3215 carnis
1053 3145 1125 3218 ani·

21 3270 26 3327 ς
66 3258 205 3331 maeque
230 3252 472 3330 contextum,
509 3240 606 3333 prius
629 3240 667 3313 in
690 3242 776 3313 vitae
800 3240 1122 3338 administratione,

66 3352 113 3411 ut
125 3338 176 3409 ita
195 3339 348 3413 audeant
370 3335 529 3412 scindere
544 3338 630 3413 iilud
647 3343 752 3413 etiam
770 3341 806 3411 in
821 3343 905 3413 vitae
923 3360 1123 3416 remunera·

64 3437 183 3513 tione.
231 3436 380 3533 Negent
391 3458 581 3531 operaurm
597 3435 823 3531 societatem,
843 3456 885 3511 ut
896 3441 1028 3513 merito
1042 3440 1122 3535 pos-

60 3536 136 3613 sint
154 3536 260 3611 etiam
279 3538 481 3611 mercedem
507 3557 647 3634 negare.
704 3538 796 3611 Non
821 3538 864 3611 sit
884 3541 1061 3633 particeps
1084 3544 1123 3617 in

58 3634 241 3713 sententia
256 3656 362 3733 caro,
386 3637 502 3723 sinon
514 3636 671 3711 suerit&
687 3638 724 3710 in
737 3634 878 3713 caussa·
909 3638 994 3713 Soia
1010 3643 1124 3715 anima

58 3750 289 3835 revocetur,
314 3736 433 3817 sisela
449 3736 601 3815 decedit
652 3736 705 3814 At
720 3738 814 3834 enim
830 3759 907 3818 nou
922 3743 1031 3835 magis
1048 3738 1127 3817 sola

983 3840 1094 3914 dece-
