2468 4530
55 490 204 605 ,⁴9⁸
299 479 349 581 Q.
373 474 504 555 surr.
527 472 665 553 Fron,
687 472 1028 587 Tnnrntnratrt
1162 486 1166 491 ·

133 642 238 719 aliter
258 659 337 715 non
358 638 540 713 diceretur
564 638 679 713 homo
696 634 854 711 chnstuc
876 636 951 713 stne
974 656 1108 716 carnee
1130 660 1186 717 nct

131 740 289 819 hominia
312 735 407 813 filius
429 738 503 812 sme
525 739 646 830 aliquo
664 750 813 831 parente
829 736 997 813 homine:
1129 761 1186 815 net

131 840 236 915 Deus
253 838 326 913 stne
346 838 470 931 spiritu
487 838 578 929 Dei,
603 855 673 911 nec
689 834 759 909 Dei
774 832 869 910 iilius
887 834 938 910 sin
1086 854 1184 934 panc

131 938 189 1015 lta
201 938 388 1029 utriusque
404 935 603 1010 substantie
617 933 741 1010 census
756 935 938 1010 hominem
953 936 990 1008 dc
1043 958 1126 1013 eum
1138 958 1185 1015 en

133 1038 272 1128 hibuit,
292 1036 376 1109 hinc
389 1050 533 1133 natum,
550 1035 633 1109 inde
647 1054 723 1108 non
740 1048 882 1119 natum;
908 1034 994 1109 hinc
1012 1058 1183 1133 carnctrn,

133 1137 219 1211 inde
250 1133 466 1230 spiritalem
500 1136 585 1209 hinc
613 1130 819 1243 infirmum,
851 1134 936 1208 inde
961 1136 1183 1229 praefortem

133 1236 220 1313 hine
238 1235 478 1326 morientem,
511 1234 594 1308 inde
619 1234 819 1309 viventem.
882 1236 976 1335 Quae
994 1240 1182 1331 proprietas

134 1332 408 1425 conditionum,
436 1332 566 1407 divine
580 1332 615 1406 &
630 1334 790 1406 humanu
804 1352 903 1425 aequa
916 1334 1049 1426 utique
1065 1352 1182 1411 nannt

133 1434 291 1507 veritate
316 1428 494 1525 dispuncta
517 1432 587 1526 est,
623 1431 747 1505 eadem
769 1428 841 1506 fide
864 1428 1006 1525 spiritus
1031 1436 1070 1508 dt
1090 1456 1181 1509 carot

131 1526 291 1607 virtutes
307 1530 463 1627 spiritum
478 1529 572 1624 Dei,
598 1530 768 1624 passiones
783 1550 926 1603 carnem
939 1532 1099 1609 hominia
1112 1554 1181 1629 pro

132 1632 326 1707 taverunt.
375 1628 412 1703 Si
437 1631 592 1705 virtutes
616 1650 693 1704 non
720 1629 792 1703 sme
814 1626 963 1724 spiritu,
988 1630 1181 1726 proinde&

161 1728 308 1805 affioues
327 1750 404 1803 non
428 1729 501 1805 sine
525 1750 643 1805 carne.
699 1727 736 1802 Si
762 1748 847 1803 caro
873 1750 956 1804 cum
980 1732 1180 1825 panionia

133 1752 241 1921 ficia,
274 1828 310 1903 dt
331 1826 472 1923 spiritus
494 1850 534 1904 er
559 1851 584 1903 ο
605 1849 687 1903 cum
708 1829 900 1901 virtutibus
925 1827 1047 1907 falsus.
1154 1832 1163 1849 ’

135 1926 296 2003 dimidias
309 1928 497 2002 mendacio
546 1926 715 2003 hristum?
733 1941 833 2000 totus
846 1928 983 2001 veritas
997 1928 1081 2007 fuit

133 2028 223 2119 luit,
249 2027 377 2119 crede,
402 2026 514 2120 nasci,
541 2048 645 2120 quam
661 2028 837 2119 exaliqua
852 2042 955 2120 parte
970 2031 1133 2124 mentiri,
1152 2026 1178 2103 d

136 2125 279 2218 quidem
298 2126 334 2199 in
351 2123 591 2219 semetipsum,
617 2140 659 2201 ut
676 2124 1004 2223 carnemgestnret,
1032 2130 1105 2205 sme
1119 2126 1179 2203 offl-

132 2224 201 2299 bue
226 2222 377 2316 duram,
413 2224 486 2298 fine
515 2221 679 2298 musculis
712 2224 887 2319 solidam,
922 2226 998 2301 fine
1030 2226 1178 2327 sangnine

132 2338 341 2419 cruentam,
374 2323 447 2396 sme
464 2323 586 2397 tunica
606 2323 790 2418 vestitam,
822 2325 894 2398 stne
918 2324 1017 2401 same
1045 2328 1176 2404 esurian-

132 2435 229 2516 tem,
254 2423 326 2497 sme
346 2422 510 2496 dentibus
528 2424 718 2516 edentem,
743 2425 816 2497 sme
830 2424 949 2520 lingua
962 2428 1175 2520 loquenten:

132 2536 177 2597 ut
192 2520 398 2617 phantasma
418 2524 561 2597 auribus
580 2522 692 2598 suerit
706 2521 820 2596 sermo
834 2525 910 2615 eius
924 2546 990 2617 per
1007 2528 1175 2625 imaginem

135 2623 253 2701 vocis.
304 2622 388 2697 Fuit
398 2624 518 2715 itaque
530 2624 731 2718 phantasma
747 2624 852 2695 etiam
870 2622 952 2717 post
965 2625 1176 2700 resurretio

133 2743 238 2815 nem,
270 2744 353 2797 cum
370 2744 495 2796 manus
518 2722 552 2794 &
572 2727 681 2815 pedes
703 2720 784 2795 suos
806 2720 989 2817 discipulis
1010 2723 1175 2823 dispicien

133 2820 202 2893 dos
221 2819 348 2897 offert:
379 2824 521 2917 aspicite,
548 2820 691 2916 dicens,
718 2826 797 2919 quod
818 2846 866 2916 ego
881 2828 968 2909 lum.-
1025 2852 1082 2897 aaa
1098 2828 1175 2922 spiri·

132 2934 186 2991 tus
204 2918 264 3009 offis
283 2922 475 3007 nonhabet,
494 2923 575 3017 ficut
591 2946 638 2994 me
653 2923 813 2992 habentem
827 2923 965 2992 videris.-
1044 2924 1174 2999 edubio

131 3037 257 3091 manus
274 3016 434 3113 &pedes
457 3020 492 3094 dt
514 3016 607 3113 ossa,
639 3040 717 3112 que
734 3017 860 3115 spritus
877 3020 1107 3118 nonhabet,
1130 3018 1176 3097 sed

118 3102 230 3191 ‘caro
282 3119 490 3218 Quomodo
499 3120 592 3192 hanc
604 3140 736 3193 vocem
749 3124 995 3214 interpretaris
1006 3122 1175 3212 Marcion,

131 3218 193 3308 qui
209 3237 230 3290 a
246 3214 332 3290 Deo
350 3219 515 3311 optimo,
543 3217 577 3289 δι
597 3219 768 3314 simplici,
800 3219 955 3295 &bono
975 3236 1120 3299 tantum
1136 3221 1175 3295 in

129 3312 203 3389 sets
227 3316 373 3412 Jesumi
407 3312 505 3389 Ecce
526 3315 618 3389 saliit
642 3315 677 3390 dt
701 3319 857 3413 decipit,
892 3319 926 3392 dt
950 3317 1176 3397 circumvenit

130 3416 292 3490 omnium
313 3418 467 3507 oculos,
495 3416 655 3490 omnium
673 3414 814 3514 sensus,
841 3420 1003 3493 omnium
1020 3418 1175 3509 accessus,

129 3512 165 3586 dt
187 3515 385 3590 comasius.
435 3512 535 3612 Ergo
555 3517 628 3608 jam
646 3515 822 3593 Christum
846 3519 991 3593 nonde
1015 3524 1111 3597 coelo
1130 3518 1176 3593 dt·

128 3610 225 3689 ferre
244 3614 436 3706 debueras,
462 3613 522 3687 sed
537 3614 581 3688 de
596 3617 717 3707 aliquo
735 3618 966 3691 circulatorio
981 3639 1100 3696 coetut
1120 3632 1174 3693 noc

125 3709 249 3785 Deum
269 3726 399 3807 praeter
421 3714 625 3807 hominem,
651 3713 710 3788 sed
731 3738 872 3814 magum
890 3718 1097 3797 hominem:
1119 3730 1172 3792 nce

126 3808 245 3883 salutis
261 3810 493 3907 pontificem,
514 3812 573 3887 scd
589 3812 775 3907 spesiaculi
787 3812 982 3911 artificem3
1009 3840 1082 3894 uec
1094 3832 1172 3895 mor·

127 3920 274 3984 morum
292 3910 554 4006 suscitatorem,
565 3911 627 3985 sed
643 3915 815 3993 vivorum
825 3932 1079 3997 avocatorem.
1110 3906 1170 3993 Na

125 4007 225 4105 quod
243 4007 276 4083 cz
294 4009 317 4084 st
334 4028 456 4110 augur
472 4010 562 4108 suit,
586 4014 769 4092 natusest.

1005 4210 1132 4297 &Sed
