2400 4590
22 78 27 95 x
103 118 174 193 eon
249 82 298 214 Q}
324 109 460 207 Srer.
484 81 633 187 Fnon‘
653 108 1017 191 Terrunnrertr

102 271 286 355 ficatione.
344 267 395 344 Et
413 283 455 343 tu
471 272 611 362 quidem
631 273 875 365 poenitentiam
893 277 1023 350 moeciri
1044 275 1089 350 ad
1105 296 1168 352 ex·

106 373 277 448 orandam
299 371 559 446 fraternitatem
582 372 618 444 in
636 371 829 446 Ecclesiam
845 375 1043 468 inducens,
1078 399 1170 452 con·

105 474 297 561 cineratum
317 471 353 545 dt
375 471 645 544 concineratum
666 494 748 547 cum
765 472 944 547 dedecore
960 475 992 547 &
1009 477 1170 553 horrore

84 571 344 667 'compofiurm
355 568 585 687 prosternens
599 572 637 643 in
649 570 805 647 medium
820 584 904 647 ante
913 573 1063 666 viduas,
1080 591 1171 655 ante

93 672 363 769 (preobyceroc,
385 669 546 745 nmmum
562 670 736 763 lacrymas
754 662 978 766 suadentem,
1002 675 1170 753 omnium

102 768 510 869 ineffigiatam-tem,
540 768 700 845 omnium
716 790 833 865 genua
843 772 1083 863 detinentem,
1109 775 1171 851 in.

104 890 176 967 que
194 868 451 967 errmlhominia
470 867 607 943 exitum
622 872 764 960 quantia
785 885 894 963 potes
915 868 1168 947 misericordiae

91 967 321 1063 inlecebris,
345 968 465 1042 bonus
487 965 608 1061 pastor
628 968 885 1043 &umectum
906 968 1000 1063 Papa
1014 970 1170 1046 concio·

77 1034 221 1164 ‘nerim
248 1066 286 1157 dr
304 1069 344 1141 in
366 1066 643 1161 parabolaovir
670 1087 792 1164 caprae
812 1083 893 1142 tuas
914 1069 1068 1165 quaerie,
1101 1085 1171 1149 tua

104 1169 190 1245 ovio
212 1189 260 1243 ne
281 1164 399 1250 rursuo
425 1165 471 1241 de
496 1186 605 1265 grege
625 1166 776 1261 exiliat,
809 1165 903 1261 quast
931 1190 1010 1243 non
1033 1170 1171 1249 exindo

100 1266 317 1365 Jamliceat,
334 1265 436 1359 quod
448 1286 518 1341 nec
531 1264 636 1341 semel
648 1267 767 1341 licuit:
792 1281 932 1343 ceteras
944 1270 1051 1345 etiam
1064 1284 1172 1347 metu

104 1366 268 1462 compleo
299 1386 382 1443 cum
409 1366 562 1441 maxime
582 1366 779 1463 indulgens.
839 1365 1041 1461 Apostolus
1070 1378 1169 1445 vero

96 1468 309 1547 seclum
338 1464 519 1541 libidinem
543 1464 808 1541 fornicationis'
825 1464 964 1569 incesto
997 1466 1184 1545 onustam·

104 1580 180 1645 tun
200 1563 361 1661 projecte
377 1562 592 1661 ignoviffet,
626 1578 669 1639 ut
699 1587 768 1640 nec
798 1566 895 1640 huuc
923 1565 1042 1641 saltem
1066 1568 1168 1641 habi·

27 1684 30 1691 ·
104 1680 182 1743 tum
205 1667 361 1764 legatum
371 1664 627 1760 penitentie,
653 1684 759 1757 quem
776 1663 912 1761 abipso
929 1662 1167 1740 didiciffe-de-

103 1761 234 1860 berea,
260 1766 305 1840 ab
320 1784 369 1839 eo
383 1766 564 1861 exegerit,
587 1762 677 1839 nihil
693 1764 739 1837 de
754 1763 902 1858 postero
916 1763 1166 1863 incommina-

80 1880 83 1887 ’
106 1879 188 1958 tus,
220 1864 310 1939 nihil
332 1864 524 1938 decetero
543 1861 750 1937 allocutus?
786 1862 996 1964 Quinimmo
1016 1860 1167 1939 &ulna

104 1962 290 2058 obsecrat,
310 1961 573 2039 constituerent
585 1964 625 2037 in
639 1984 723 2041 eum
736 1962 984 2058 duernionem,
1004 1961 1098 2057 quen
1115 1960 1167 2039 ta·

103 2063 309 2158 tiriaciens,
333 2080 413 2139 non
432 2062 529 2156 quast
546 2059 747 2161 ignoscens.
796 2059 848 2138 Et
867 2078 987 2139 tamen
1007 2060 1167 2139 direffio-

105 2184 189 2241 nem
212 2164 349 2257 audio,
384 2184 463 2237 non
489 2162 864 2239 communicationem.
925 2162 1039 2264 Quod
1060 2161 1097 2236 de
1119 2160 1166 2238 ad

6 2344 13 2353 ,
107 2262 464 2343 Thessaloniceniea:
495 2269 537 2337 Si·
561 2270 636 2363 quir
657 2280 763 2337 curem
786 2287 854 2337 non
879 2262 1009 2335 deuon
1032 2264 1167 2344 somme·

104 2366 207 2467 nostro
221 2388 278 2461 per
297 2365 467 2462 quinium,
491 2366 578 2438 hm
593 2380 721 2454 notate,
747 2389 804 2436 nec
823 2367 1078 2454 commisceamini
1104 2364 1165 2453 idi,

106 2481 146 2537 nr
171 2481 379 2552 revereatur,
418 2489 483 2537 non
504 2464 592 2564 quast
617 2469 781 2535 inimicum
803 2467 992 2558 deputantes
1010 2465 1059 2549 (cd
1082 2462 1167 2562 qnnfi

98 2563 241 2658 fratrem
272 2564 478 2659 objurgantes.
536 2560 644 2634 Adeo
676 2559 847 2655 potuiss'et
877 2563 996 2639 dicere
1030 2562 1166 2636 &for-

104 2660 261 2736 nicatori
295 2661 521 2736 dileiiionem
560 2657 786 2735 solummodo
827 2662 1055 2754 conceffam,
1087 2684 1167 2737 non

105 2759 542 2837 &communicationem
610 2758 751 2833 lncesto
782 2781 873 2853 vero
906 2785 976 2837 nec
1007 2762 1166 2836 dilectio·

29 2942 34 2951 ,
104 2880 214 2953 uem,
244 2880 351 2952 quern
378 2858 513 2933 scilicet
538 2856 667 2933 auferri
689 2857 833 2952 juffiffet
858 2861 904 2937 de
926 2862 1046 2938 medio
1071 2859 1166 2954 ipso·

2 3001 5 3009 ·
104 2960 217 3053 rum,
256 2959 372 3033 multo
400 2961 509 3057 magis
537 2957 662 3053 utique
693 2959 739 3034 de
764 2961 895 3039 animo.
960 2960 1032 3034 Sed
1060 2982 1167 3035 vere·

104 3060 211 3141 batur
238 3078 286 3134 ne
311 3056 559 3133 fraudarentur
585 3081 606 3131 a
632 3060 759 3133 Satana
782 3062 879 3134 circa
902 3060 978 3153 ejus
1005 3056 1165 3152 personae

104 3158 347 3254 minionem,
381 3176 487 3251 quem
510 3157 648 3233 Satanae
672 3155 745 3253 ipse
770 3159 1011 3253 projecerant·
1031 3168 1093 3229 aut
1108 3175 1165 3229 ne

103 3258 319 3341 abmdmm
333 3258 497 3335 meroris
514 3256 774 3351 devoraretur,
802 3256 962 3352 quem-in
978 3254 1166 3330 interitum

42 3384 60 3443 ,¹
105 3360 219 3435 cunis
241 3358 438 3436 addixerat.
496 3356 569 3433 Hic
589 3358 661 3451 jam
686 3358 799 3432 carnia
820 3356 1004 3433 interitum
1026 3355 1063 3431 in
1078 3352 1166 3433 ,offi-

104 3456 200 3535 cium
216 3458 434 3552 poenitentia
448 3455 753 3552 interpretantur,
780 3456 880 3550 quod
897 3455 1064 3529 videatur
1074 3455 1167 3548 jeju·

101 3554 232 3635 uisu
263 3554 496 3647 sordibus&
523 3556 662 3631 incuria
694 3558 794 3631 omni
824 3556 860 3633 ἃ
896 3554 1015 3633 dedita
1051 3575 1167 3648 opero

101 3654 204 3741 mrim
217 3654 438 3733 ornationis
459 3676 603 3733 carnem
624 3656 897 3734 exterminando
919 3654 999 3731 satis
1012 3656 1098 3730 Deo
1114 3654 1168 3729 fa·

104 3774 212 3859 ceter
239 3766 285 3833 ut
302 3776 351 3837 ex
366 3757 442 3837 hoc
459 3768 752 3860 argumententur
775 3750 1073 3878 domiumrem,
1088 3757 1166 3835 imo

1017 3874 1114 3936 mco·
