<?xml version="1.0" encoding="UTF-8"?>
<!DOCTYPE html PUBLIC "-//W3C//DTD XHTML 1.0 Transitional//EN"
    "http://www.w3.org/TR/xhtml1/DTD/xhtml1-transitional.dtd">
<html xmlns="http://www.w3.org/1999/xhtml" xml:lang="en" lang="en">
 <head>
  <title>
</title>
<meta http-equiv="Content-Type" content="text/html;charset=utf-8" />
  <meta name='ocr-system' content='tesseract 3.04.00' />
  <meta name='ocr-capabilities' content='ocr_page ocr_carea ocr_par ocr_line ocrx_word'/>
</head>
<body>
  <div class='ocr_page' id='page_1' title='image "./operaomniasanct03librgoog_0167.png"; bbox 0 0 2400 4590; ppageno 0'>
   <div class='ocr_carea' id='block_1_1' title="bbox 112 504 1019 629">
    <p class='ocr_par' dir='ltr' id='par_1_1' title="bbox 112 504 1019 629">
     <span class='ocr_line' id='line_1_1' title="bbox 112 504 1019 629; baseline -0.002 -39"><span class='ocrx_word' id='word_1_1' title='bbox 112 532 182 607; x_wconf 81' lang='lat'>144</span> <span class='ocrx_word' id='word_1_2' title='bbox 248 513 297 613; x_wconf 88' lang='lat' dir='ltr'>Q.</span> <span class='ocrx_word' id='word_1_3' title='bbox 322 509 461 587; x_wconf 78' lang='lat' dir='ltr'>Sera.</span> <span class='ocrx_word' id='word_1_4' title='bbox 484 506 629 587; x_wconf 66' lang='lat' dir='ltr'>From</span> <span class='ocrx_word' id='word_1_5' title='bbox 649 504 1019 629; x_wconf 69' lang='lat' dir='ltr'>&#39;rauracorum</span> 
     </span>
    </p>
   </div>
   <div class='ocr_carea' id='block_1_2' title="bbox 77 666 1177 4359">
    <p class='ocr_par' dir='ltr' id='par_1_2' title="bbox 108 666 1177 1567">
     <span class='ocr_line' id='line_1_2' title="bbox 108 666 1168 771; baseline 0 -24"><span class='ocrx_word' id='word_1_6' title='bbox 108 672 284 767; x_wconf 72' lang='lat' dir='ltr'>introibit,</span> <span class='ocrx_word' id='word_1_7' title='bbox 307 670 348 751; x_wconf 65' lang='lat' dir='ltr'>d*</span> <span class='ocrx_word' id='word_1_8' title='bbox 362 672 460 770; x_wconf 76' lang='lat' dir='ltr'>seper</span> <span class='ocrx_word' id='word_1_9' title='bbox 476 686 602 771; x_wconf 77' lang='lat' dir='ltr'>parm</span> <span class='ocrx_word' id='word_1_10' title='bbox 614 670 734 763; x_wconf 75' lang='lat' dir='ltr'>suum,</span> <span class='ocrx_word' id='word_1_11' title='bbox 763 666 804 749; x_wconf 68' lang='grc' dir='ltr'>θ</span> <span class='ocrx_word' id='word_1_12' title='bbox 817 672 914 769; x_wconf 74' lang='lat' dir='ltr'>super</span> <span class='ocrx_word' id='word_1_13' title='bbox 933 669 1168 763; x_wconf 69' lang='lat' dir='ltr'>merescere</span> 
     </span>
     <span class='ocr_line' id='line_1_3' title="bbox 108 766 1176 870; baseline 0.001 -21"><span class='ocrx_word' id='word_1_14' title='bbox 108 798 177 849; x_wconf 82' lang='lat' dir='ltr'>mn</span> <span class='ocrx_word' id='word_1_15' title='bbox 192 772 473 847; x_wconf 65' lang='lat' dir='ltr'>carminum.</span> <span class='ocrx_word' id='word_1_16' title='bbox 518 766 620 870; x_wconf 79' lang='lat' dir='ltr'>Ergo</span> <span class='ocrx_word' id='word_1_17' title='bbox 636 771 672 845; x_wconf 81' lang='lat' dir='ltr'>dt</span> <span class='ocrx_word' id='word_1_18' title='bbox 685 790 756 847; x_wconf 82' lang='lat' dir='ltr'>noe</span> <span class='ocrx_word' id='word_1_19' title='bbox 769 770 843 847; x_wconf 90' lang='lat' dir='ltr'>hoc</span> <span class='ocrx_word' id='word_1_20' title='bbox 857 770 1085 847; x_wconf 65' lang='lat' dir='ltr'>interdictum</span> <span class='ocrx_word' id='word_1_21' title='bbox 1102 774 1176 851; x_wconf 82' lang='lat' dir='ltr'>oh·-</span> 
     </span>
     <span class='ocr_line' id='line_1_4' title="bbox 109 870 1177 965; baseline -0.002 -14"><span class='ocrx_word' id='word_1_22' title='bbox 109 874 253 951; x_wconf 87' lang='lat' dir='ltr'>servare</span> <span class='ocrx_word' id='word_1_23' title='bbox 271 870 469 947; x_wconf 69' lang='lat' dir='ltr'>debemur?</span> <span class='ocrx_word' id='word_1_24' title='bbox 497 890 582 947; x_wconf 84' lang='lat' dir='ltr'>non</span> <span class='ocrx_word' id='word_1_25' title='bbox 599 872 737 965; x_wconf 87' lang='lat' dir='ltr'>utique.</span> <span class='ocrx_word' id='word_1_26' title='bbox 792 870 899 945; x_wconf 85' lang='lat' dir='ltr'>Vivit</span> <span class='ocrx_word' id='word_1_27' title='bbox 925 875 1021 947; x_wconf 89' lang='lat' dir='ltr'>enim</span> <span class='ocrx_word' id='word_1_28' title='bbox 1040 874 1177 949; x_wconf 79' lang='lat' dir='ltr'>unicae</span> 
     </span>
     <span class='ocr_line' id='line_1_5' title="bbox 109 968 1176 1071; baseline 0 -22"><span class='ocrx_word' id='word_1_29' title='bbox 109 988 213 1071; x_wconf 90' lang='lat' dir='ltr'>pater</span> <span class='ocrx_word' id='word_1_30' title='bbox 235 970 357 1047; x_wconf 89' lang='lat' dir='ltr'>noster</span> <span class='ocrx_word' id='word_1_31' title='bbox 374 970 499 1066; x_wconf 79' lang='lat' dir='ltr'>Deua,</span> <span class='ocrx_word' id='word_1_32' title='bbox 530 968 567 1045; x_wconf 79' lang='lat' dir='ltr'>dt</span> <span class='ocrx_word' id='word_1_33' title='bbox 586 984 702 1047; x_wconf 89' lang='lat' dir='ltr'>mater</span> <span class='ocrx_word' id='word_1_34' title='bbox 720 970 887 1059; x_wconf 76' lang='lat' dir='ltr'>ecclesia,</span> <span class='ocrx_word' id='word_1_35' title='bbox 912 970 947 1045; x_wconf 78' lang='lat' dir='ltr'>da</span> <span class='ocrx_word' id='word_1_36' title='bbox 964 992 1082 1064; x_wconf 88' lang='lat' dir='ltr'>neque</span> <span class='ocrx_word' id='word_1_37' title='bbox 1102 974 1176 1066; x_wconf 77' lang='lat' dir='ltr'>rpu</span> 
     </span>
     <span class='ocr_line' id='line_1_6' title="bbox 110 1066 1169 1165; baseline -0.002 -15"><span class='ocrx_word' id='word_1_38' title='bbox 110 1072 246 1151; x_wconf 88' lang='lat' dir='ltr'>mortui</span> <span class='ocrx_word' id='word_1_39' title='bbox 259 1070 398 1165; x_wconf 80' lang='lat' dir='ltr'>sumus,</span> <span class='ocrx_word' id='word_1_40' title='bbox 423 1072 481 1164; x_wconf 88' lang='lat' dir='ltr'>qui</span> <span class='ocrx_word' id='word_1_41' title='bbox 497 1066 584 1143; x_wconf 91' lang='lat' dir='ltr'>Deo</span> <span class='ocrx_word' id='word_1_42' title='bbox 600 1070 776 1144; x_wconf 83' lang='lat' dir='ltr'>vivimus:</span> <span class='ocrx_word' id='word_1_43' title='bbox 801 1088 920 1163; x_wconf 89' lang='lat' dir='ltr'>neque</span> <span class='ocrx_word' id='word_1_44' title='bbox 933 1086 1100 1145; x_wconf 86' lang='lat' dir='ltr'>mortuos</span> <span class='ocrx_word' id='word_1_45' title='bbox 1117 1072 1169 1147; x_wconf 90' lang='lat' dir='ltr'>se·</span> 
     </span>
     <span class='ocr_line' id='line_1_7' title="bbox 109 1168 1171 1269; baseline -0.005 -22"><span class='ocrx_word' id='word_1_46' title='bbox 109 1173 282 1269; x_wconf 77' lang='lat' dir='ltr'>perimus,</span> <span class='ocrx_word' id='word_1_47' title='bbox 307 1171 389 1264; x_wconf 89' lang='lat' dir='ltr'>quia</span> <span class='ocrx_word' id='word_1_48' title='bbox 406 1171 442 1243; x_wconf 81' lang='lat' dir='ltr'>dt</span> <span class='ocrx_word' id='word_1_49' title='bbox 457 1171 508 1243; x_wconf 91' lang='lat' dir='ltr'>illi</span> <span class='ocrx_word' id='word_1_50' title='bbox 522 1170 657 1242; x_wconf 88' lang='lat' dir='ltr'>vivunt</span> <span class='ocrx_word' id='word_1_51' title='bbox 669 1171 707 1243; x_wconf 94' lang='lat' dir='ltr'>in</span> <span class='ocrx_word' id='word_1_52' title='bbox 724 1168 878 1246; x_wconf 85' lang='lat' dir='ltr'>Christo.</span> <span class='ocrx_word' id='word_1_53' title='bbox 929 1168 1038 1244; x_wconf 86' lang='lat' dir='ltr'>Certe</span> <span class='ocrx_word' id='word_1_54' title='bbox 1054 1168 1171 1243; x_wconf 87' lang='lat' dir='ltr'>sacer·</span> 
     </span>
     <span class='ocr_line' id='line_1_8' title="bbox 109 1268 1168 1366; baseline -0.004 -19"><span class='ocrx_word' id='word_1_55' title='bbox 109 1272 215 1347; x_wconf 81' lang='lat' dir='ltr'>dotet</span> <span class='ocrx_word' id='word_1_56' title='bbox 230 1268 348 1344; x_wconf 86' lang='lat' dir='ltr'>sumua</span> <span class='ocrx_word' id='word_1_57' title='bbox 361 1290 382 1343; x_wconf 90' lang='lat' dir='ltr'>a</span> <span class='ocrx_word' id='word_1_58' title='bbox 395 1268 536 1343; x_wconf 88' lang='lat' dir='ltr'>Christo</span> <span class='ocrx_word' id='word_1_59' title='bbox 551 1270 695 1361; x_wconf 90' lang='lat' dir='ltr'>vocati,</span> <span class='ocrx_word' id='word_1_60' title='bbox 718 1271 955 1365; x_wconf 78' lang='lat' dir='ltr'>monogamiae</span> <span class='ocrx_word' id='word_1_61' title='bbox 967 1269 1168 1366; x_wconf 74' lang='lat' dir='ltr'>debitores,</span> 
     </span>
     <span class='ocr_line' id='line_1_9' title="bbox 110 1367 1172 1467; baseline -0.003 -21"><span class='ocrx_word' id='word_1_62' title='bbox 110 1392 156 1446; x_wconf 88' lang='lat' dir='ltr'>ex</span> <span class='ocrx_word' id='word_1_63' title='bbox 173 1368 317 1467; x_wconf 86' lang='lat' dir='ltr'>pristina</span> <span class='ocrx_word' id='word_1_64' title='bbox 330 1368 403 1443; x_wconf 91' lang='lat' dir='ltr'>Dei</span> <span class='ocrx_word' id='word_1_65' title='bbox 419 1369 521 1465; x_wconf 82' lang='lat' dir='ltr'>lege,</span> <span class='ocrx_word' id='word_1_66' title='bbox 548 1388 626 1462; x_wconf 79' lang='lat' dir='ltr'>que</span> <span class='ocrx_word' id='word_1_67' title='bbox 642 1390 713 1444; x_wconf 88' lang='lat' dir='ltr'>nos</span> <span class='ocrx_word' id='word_1_68' title='bbox 729 1382 819 1442; x_wconf 86' lang='lat' dir='ltr'>tune</span> <span class='ocrx_word' id='word_1_69' title='bbox 837 1374 875 1443; x_wconf 92' lang='lat' dir='ltr'>in</span> <span class='ocrx_word' id='word_1_70' title='bbox 891 1367 960 1445; x_wconf 80' lang='lat' dir='ltr'>suis</span> <span class='ocrx_word' id='word_1_71' title='bbox 976 1368 1172 1445; x_wconf 88' lang='lat' dir='ltr'>sacerdoti·</span> 
     </span>
     <span class='ocr_line' id='line_1_10' title="bbox 109 1469 440 1567; baseline -0.012 -20"><span class='ocrx_word' id='word_1_72' title='bbox 109 1472 178 1547; x_wconf 82' lang='lat' dir='ltr'>baa</span> <span class='ocrx_word' id='word_1_73' title='bbox 193 1469 440 1567; x_wconf 75' lang='lat' dir='ltr'>prophetavit</span> 
     </span>
    </p>

    <p class='ocr_par' dir='ltr' id='par_1_3' title="bbox 77 1564 1175 4335">
     <span class='ocr_line' id='line_1_11' title="bbox 182 1564 1171 1665; baseline 0 -20"><span class='ocrx_word' id='word_1_74' title='bbox 182 1585 216 1658; x_wconf 76' lang='lat'>8.</span> <span class='ocrx_word' id='word_1_75' title='bbox 243 1568 355 1645; x_wconf 87' lang='lat' dir='ltr'>Nunc</span> <span class='ocrx_word' id='word_1_76' title='bbox 372 1566 418 1642; x_wconf 91' lang='lat' dir='ltr'>ad</span> <span class='ocrx_word' id='word_1_77' title='bbox 435 1568 554 1665; x_wconf 85' lang='lat' dir='ltr'>legem</span> <span class='ocrx_word' id='word_1_78' title='bbox 571 1570 721 1665; x_wconf 82' lang='lat' dir='ltr'>proprie</span> <span class='ocrx_word' id='word_1_79' title='bbox 749 1564 933 1662; x_wconf 88' lang='lat' dir='ltr'>nostram,</span> <span class='ocrx_word' id='word_1_80' title='bbox 966 1566 1094 1662; x_wconf 84' lang='lat' dir='ltr'>idest,</span> <span class='ocrx_word' id='word_1_81' title='bbox 1122 1568 1171 1645; x_wconf 88' lang='lat' dir='ltr'>ad</span> 
     </span>
     <span class='ocr_line' id='line_1_12' title="bbox 108 1668 1169 1767; baseline -0.005 -20"><span class='ocrx_word' id='word_1_82' title='bbox 108 1668 346 1767; x_wconf 76' lang='lat' dir='ltr'>Evangeliunr</span> <span class='ocrx_word' id='word_1_83' title='bbox 365 1668 555 1763; x_wconf 77' lang='lat' dir='ltr'>convers,</span> <span class='ocrx_word' id='word_1_84' title='bbox 587 1672 749 1763; x_wconf 82' lang='lat' dir='ltr'><strong>qualibus</strong></span> <span class='ocrx_word' id='word_1_85' title='bbox 765 1670 962 1763; x_wconf 82' lang='lat' dir='ltr'>excipimur</span> <span class='ocrx_word' id='word_1_86' title='bbox 979 1670 1169 1765; x_wconf 77' lang='lat' dir='ltr'>exemplis,</span> 
     </span>
     <span class='ocr_line' id='line_1_13' title="bbox 109 1764 1170 1863; baseline -0.001 -18"><span class='ocrx_word' id='word_1_87' title='bbox 109 1770 194 1845; x_wconf 89' lang='lat' dir='ltr'>dum</span> <span class='ocrx_word' id='word_1_88' title='bbox 214 1768 260 1843; x_wconf 89' lang='lat' dir='ltr'>ad</span> <span class='ocrx_word' id='word_1_89' title='bbox 276 1767 467 1843; x_wconf 81' lang='lat' dir='ltr'>sententiae</span> <span class='ocrx_word' id='word_1_90' title='bbox 487 1767 744 1863; x_wconf 69' lang='lat' dir='ltr'>pervenimus?</span> <span class='ocrx_word' id='word_1_91' title='bbox 768 1764 867 1843; x_wconf 90' lang='lat' dir='ltr'>Ecce</span> <span class='ocrx_word' id='word_1_92' title='bbox 886 1768 1002 1843; x_wconf 88' lang='lat' dir='ltr'>statim</span> <span class='ocrx_word' id='word_1_93' title='bbox 1016 1768 1111 1861; x_wconf 86' lang='lat' dir='ltr'>quasi</span> <span class='ocrx_word' id='word_1_94' title='bbox 1127 1770 1170 1845; x_wconf 85' lang='lat' dir='ltr'>in</span> 
     </span>
     <span class='ocr_line' id='line_1_14' title="bbox 109 1867 1172 1946; baseline -0.003 0"><span class='ocrx_word' id='word_1_95' title='bbox 109 1870 231 1946; x_wconf 89' lang='lat' dir='ltr'>limine</span> <span class='ocrx_word' id='word_1_96' title='bbox 250 1867 328 1943; x_wconf 79' lang='lat' dir='ltr'>due</span> <span class='ocrx_word' id='word_1_97' title='bbox 347 1870 454 1943; x_wconf 85' lang='lat' dir='ltr'>nobis</span> <span class='ocrx_word' id='word_1_98' title='bbox 475 1868 648 1943; x_wconf 84' lang='lat' dir='ltr'>antistites</span> <span class='ocrx_word' id='word_1_99' title='bbox 671 1868 873 1943; x_wconf 80' lang='lat' dir='ltr'>Christiane</span> <span class='ocrx_word' id='word_1_100' title='bbox 893 1868 1083 1942; x_wconf 71' lang='lat' dir='ltr'>sanctitatis</span> <span class='ocrx_word' id='word_1_101' title='bbox 1104 1888 1172 1943; x_wconf 84' lang='lat' dir='ltr'>oe·</span> 
     </span>
     <span class='ocr_line' id='line_1_15' title="bbox 110 1966 1173 2066; baseline -0.004 -19"><span class='ocrx_word' id='word_1_102' title='bbox 110 1981 282 2062; x_wconf 83' lang='lat' dir='ltr'>currunt,</span> <span class='ocrx_word' id='word_1_103' title='bbox 298 1971 526 2066; x_wconf 79' lang='lat' dir='ltr'>monogamia</span> <span class='ocrx_word' id='word_1_104' title='bbox 538 1966 574 2041; x_wconf 72' lang='grc' dir='ltr'>δι</span> <span class='ocrx_word' id='word_1_105' title='bbox 584 1970 823 2042; x_wconf 87' lang='lat' dir='ltr'>continentia:</span> <span class='ocrx_word' id='word_1_106' title='bbox 837 1969 903 2042; x_wconf 84' lang='lat' dir='ltr'>aiia</span> <span class='ocrx_word' id='word_1_107' title='bbox 916 1966 1173 2062; x_wconf 85' lang='lat' dir='ltr'>pudicainZa-</span> 
     </span>
     <span class='ocr_line' id='line_1_16' title="bbox 109 2064 1169 2165; baseline 0.003 -22"><span class='ocrx_word' id='word_1_108' title='bbox 109 2070 229 2144; x_wconf 87' lang='lat' dir='ltr'>charia</span> <span class='ocrx_word' id='word_1_109' title='bbox 243 2068 448 2143; x_wconf 75' lang='lat' dir='ltr'>sacerdotee</span> <span class='ocrx_word' id='word_1_110' title='bbox 466 2068 533 2141; x_wconf 88' lang='lat' dir='ltr'>alia</span> <span class='ocrx_word' id='word_1_111' title='bbox 545 2070 684 2165; x_wconf 84' lang='lat' dir='ltr'>integra</span> <span class='ocrx_word' id='word_1_112' title='bbox 696 2071 732 2140; x_wconf 91' lang='lat' dir='ltr'>in</span> <span class='ocrx_word' id='word_1_113' title='bbox 748 2067 913 2164; x_wconf 84' lang='lat' dir='ltr'>Johanne</span> <span class='ocrx_word' id='word_1_114' title='bbox 925 2064 1169 2146; x_wconf 82' lang='lat' dir='ltr'>antecursore.</span> 
     </span>
     <span class='ocr_line' id='line_1_17' title="bbox 108 2165 1175 2261; baseline -0.003 -19"><span class='ocrx_word' id='word_1_115' title='bbox 108 2169 192 2242; x_wconf 81' lang='lat' dir='ltr'>Alia</span> <span class='ocrx_word' id='word_1_116' title='bbox 206 2168 350 2261; x_wconf 84' lang='lat' dir='ltr'>placans</span> <span class='ocrx_word' id='word_1_117' title='bbox 364 2167 500 2258; x_wconf 87' lang='lat' dir='ltr'>Deum,</span> <span class='ocrx_word' id='word_1_118' title='bbox 523 2166 797 2261; x_wconf 84' lang='lat' dir='ltr'>aliapraedicuns</span> <span class='ocrx_word' id='word_1_119' title='bbox 813 2165 1005 2240; x_wconf 86' lang='lat' dir='ltr'>Christum:</span> <span class='ocrx_word' id='word_1_120' title='bbox 1027 2166 1095 2240; x_wconf 87' lang='lat' dir='ltr'>alia</span> <span class='ocrx_word' id='word_1_121' title='bbox 1108 2184 1175 2241; x_wconf 54' lang='lat' dir='ltr'>toa</span> 
     </span>
     <span class='ocr_line' id='line_1_18' title="bbox 109 2263 1171 2360; baseline 0.005 -21"><span class='ocrx_word' id='word_1_122' title='bbox 109 2282 185 2340; x_wconf 91' lang='lat' dir='ltr'>tum</span> <span class='ocrx_word' id='word_1_123' title='bbox 203 2268 396 2359; x_wconf 77' lang='lat' dir='ltr'>predicans</span> <span class='ocrx_word' id='word_1_124' title='bbox 411 2263 654 2357; x_wconf 87' lang='lat' dir='ltr'>sacerdotem,</span> <span class='ocrx_word' id='word_1_125' title='bbox 681 2268 747 2339; x_wconf 89' lang='lat' dir='ltr'>alia</span> <span class='ocrx_word' id='word_1_126' title='bbox 759 2270 839 2360; x_wconf 84' lang='lat' dir='ltr'>plus</span> <span class='ocrx_word' id='word_1_127' title='bbox 855 2266 1047 2360; x_wconf 72' lang='lat' dir='ltr'>preferens</span> <span class='ocrx_word' id='word_1_128' title='bbox 1061 2288 1171 2359; x_wconf 82' lang='lat' dir='ltr'>quam</span> 
     </span>
     <span class='ocr_line' id='line_1_19' title="bbox 108 2363 1173 2462; baseline 0.003 -23"><span class='ocrx_word' id='word_1_129' title='bbox 108 2368 326 2462; x_wconf 89' lang='lat' dir='ltr'>propheten,</span> <span class='ocrx_word' id='word_1_130' title='bbox 335 2363 472 2441; x_wconf 90' lang='lat' dir='ltr'>scilicet</span> <span class='ocrx_word' id='word_1_131' title='bbox 487 2386 582 2459; x_wconf 90' lang='lat' dir='ltr'>eum,</span> <span class='ocrx_word' id='word_1_132' title='bbox 601 2367 749 2457; x_wconf 90' lang='lat' dir='ltr'>quinon</span> <span class='ocrx_word' id='word_1_133' title='bbox 766 2381 902 2439; x_wconf 90' lang='lat' dir='ltr'>tantum</span> <span class='ocrx_word' id='word_1_134' title='bbox 917 2366 1173 2459; x_wconf 65' lang='lat' dir='ltr'>praedicaverit</span> 
     </span>
     <span class='ocr_line' id='line_1_20' title="bbox 90 2465 1172 2562; baseline 0 -22"><span class='ocrx_word' id='word_1_135' title='bbox 90 2478 95 2485; x_wconf 85' lang='grc'><strong>“</strong></span> <span class='ocrx_word' id='word_1_136' title='bbox 111 2481 172 2540; x_wconf 91' lang='lat' dir='ltr'>aut</span> <span class='ocrx_word' id='word_1_137' title='bbox 189 2465 488 2541; x_wconf 89' lang='lat' dir='ltr'>demonstraverit</span> <span class='ocrx_word' id='word_1_138' title='bbox 504 2486 646 2549; x_wconf 87' lang='lat' dir='ltr'>coram,</span> <span class='ocrx_word' id='word_1_139' title='bbox 663 2486 789 2541; x_wconf 90' lang='lat' dir='ltr'>verum</span> <span class='ocrx_word' id='word_1_140' title='bbox 806 2466 911 2539; x_wconf 90' lang='lat' dir='ltr'>etiam</span> <span class='ocrx_word' id='word_1_141' title='bbox 925 2466 1172 2562; x_wconf 77' lang='lat' dir='ltr'>baptizaverit</span> 
     </span>
     <span class='ocr_line' id='line_1_21' title="bbox 110 2563 1169 2665; baseline -0.001 -25"><span class='ocrx_word' id='word_1_142' title='bbox 110 2563 297 2641; x_wconf 89' lang='lat' dir='ltr'>Christum.</span> <span class='ocrx_word' id='word_1_143' title='bbox 322 2566 414 2665; x_wconf 87' lang='lat' dir='ltr'>Quis</span> <span class='ocrx_word' id='word_1_144' title='bbox 429 2564 524 2641; x_wconf 88' lang='lat' dir='ltr'>enim</span> <span class='ocrx_word' id='word_1_145' title='bbox 538 2584 670 2659; x_wconf 88' lang='lat' dir='ltr'>corpus</span> <span class='ocrx_word' id='word_1_146' title='bbox 687 2565 823 2641; x_wconf 91' lang='lat' dir='ltr'>domini</span> <span class='ocrx_word' id='word_1_147' title='bbox 839 2566 978 2661; x_wconf 78' lang='lat' dir='ltr'>dignius</span> <span class='ocrx_word' id='word_1_148' title='bbox 994 2566 1169 2661; x_wconf 81' lang='lat' dir='ltr'>initiaret,</span> 
     </span>
     <span class='ocr_line' id='line_1_22' title="bbox 109 2664 1170 2762; baseline 0.002 -23"><span class='ocrx_word' id='word_1_149' title='bbox 109 2688 213 2761; x_wconf 90' lang='lat' dir='ltr'>quam</span> <span class='ocrx_word' id='word_1_150' title='bbox 222 2666 398 2757; x_wconf 81' lang='lat' dir='ltr'>ejusmodi</span> <span class='ocrx_word' id='word_1_151' title='bbox 409 2686 509 2756; x_wconf 85' lang='lat' dir='ltr'>caro,</span> <span class='ocrx_word' id='word_1_152' title='bbox 517 2664 944 2762; x_wconf 75' lang='lat' dir='ltr'>qualisdaconcepitihud</span> <span class='ocrx_word' id='word_1_153' title='bbox 956 2665 1170 2761; x_wconf 69' lang='lat' dir='ltr'>&amp;peperiti</span> 
     </span>
     <span class='ocr_line' id='line_1_23' title="bbox 110 2764 1170 2863; baseline 0.004 -26"><span class='ocrx_word' id='word_1_154' title='bbox 110 2764 159 2837; x_wconf 87' lang='lat' dir='ltr'>Et</span> <span class='ocrx_word' id='word_1_155' title='bbox 175 2764 351 2839; x_wconf 88' lang='lat' dir='ltr'>Christum</span> <span class='ocrx_word' id='word_1_156' title='bbox 374 2766 513 2857; x_wconf 85' lang='lat' dir='ltr'>qrridem</span> <span class='ocrx_word' id='word_1_157' title='bbox 535 2767 642 2863; x_wconf 87' lang='lat' dir='ltr'>virgo</span> <span class='ocrx_word' id='word_1_158' title='bbox 661 2766 767 2839; x_wconf 83' lang='lat' dir='ltr'>enixa</span> <span class='ocrx_word' id='word_1_159' title='bbox 789 2765 859 2858; x_wconf 86' lang='lat' dir='ltr'>est,</span> <span class='ocrx_word' id='word_1_160' title='bbox 884 2764 990 2840; x_wconf 90' lang='lat' dir='ltr'>semel</span> <span class='ocrx_word' id='word_1_161' title='bbox 1008 2779 1170 2856; x_wconf 79' lang='lat' dir='ltr'>nuptura</span> 
     </span>
     <span class='ocr_line' id='line_1_24' title="bbox 77 2862 1169 2956; baseline 0.003 -19"><span class='ocrx_word' id='word_1_162' title='bbox 77 2870 81 2877; x_wconf 84' lang='grc'><strong>“</strong></span> <span class='ocrx_word' id='word_1_163' title='bbox 109 2867 158 2938; x_wconf 90' lang='lat' dir='ltr'>ob</span> <span class='ocrx_word' id='word_1_164' title='bbox 183 2880 351 2956; x_wconf 88' lang='lat' dir='ltr'>partum,</span> <span class='ocrx_word' id='word_1_165' title='bbox 384 2882 426 2936; x_wconf 94' lang='lat' dir='ltr'>ut</span> <span class='ocrx_word' id='word_1_166' title='bbox 446 2881 599 2956; x_wconf 90' lang='lat' dir='ltr'>uterque</span> <span class='ocrx_word' id='word_1_167' title='bbox 617 2868 741 2937; x_wconf 90' lang='lat' dir='ltr'>titulus</span> <span class='ocrx_word' id='word_1_168' title='bbox 763 2863 952 2939; x_wconf 65' lang='lat' dir='ltr'>seueritatis</span> <span class='ocrx_word' id='word_1_169' title='bbox 974 2866 1010 2937; x_wconf 93' lang='lat' dir='ltr'>in</span> <span class='ocrx_word' id='word_1_170' title='bbox 1034 2862 1169 2940; x_wconf 87' lang='lat' dir='ltr'>Christi</span> 
     </span>
     <span class='ocr_line' id='line_1_25' title="bbox 110 2960 1171 3061; baseline 0.004 -26"><span class='ocrx_word' id='word_1_171' title='bbox 110 2960 217 3035; x_wconf 91' lang='lat' dir='ltr'>censu</span> <span class='ocrx_word' id='word_1_172' title='bbox 234 2961 523 3056; x_wconf 85' lang='lat' dir='ltr'>dispungeretur,</span> <span class='ocrx_word' id='word_1_173' title='bbox 547 2983 612 3057; x_wconf 91' lang='lat' dir='ltr'>per</span> <span class='ocrx_word' id='word_1_174' title='bbox 625 2978 773 3037; x_wconf 87' lang='lat' dir='ltr'>matrem</span> <span class='ocrx_word' id='word_1_175' title='bbox 795 2964 1021 3061; x_wconf 86' lang='lat' dir='ltr'>&amp;virginem</span> <span class='ocrx_word' id='word_1_176' title='bbox 1040 2962 1171 3049; x_wconf 74' lang='lat' dir='ltr'>&amp;uni-</span> 
     </span>
     <span class='ocr_line' id='line_1_26' title="bbox 107 3060 1168 3157; baseline 0.007 -24"><span class='ocrx_word' id='word_1_177' title='bbox 107 3063 233 3135; x_wconf 87' lang='lat' dir='ltr'>viram.</span> <span class='ocrx_word' id='word_1_178' title='bbox 292 3060 345 3132; x_wconf 84' lang='lat' dir='ltr'>At</span> <span class='ocrx_word' id='word_1_179' title='bbox 361 3060 423 3132; x_wconf 90' lang='lat' dir='ltr'>ubi</span> <span class='ocrx_word' id='word_1_180' title='bbox 439 3062 556 3135; x_wconf 83' lang='lat' dir='ltr'>infans</span> <span class='ocrx_word' id='word_1_181' title='bbox 572 3066 709 3156; x_wconf 89' lang='lat' dir='ltr'>templo</span> <span class='ocrx_word' id='word_1_182' title='bbox 729 3064 938 3157; x_wconf 84' lang='lat' dir='ltr'>exhibetur,</span> <span class='ocrx_word' id='word_1_183' title='bbox 963 3064 1041 3156; x_wconf 79' lang='lat' dir='ltr'>quie</span> <span class='ocrx_word' id='word_1_184' title='bbox 1063 3066 1168 3141; x_wconf 80' lang='lat' dir='ltr'>rhum</span> 
     </span>
     <span class='ocr_line' id='line_1_27' title="bbox 108 3156 1168 3259; baseline 0.003 -23"><span class='ocrx_word' id='word_1_185' title='bbox 108 3164 147 3236; x_wconf 94' lang='lat' dir='ltr'>in</span> <span class='ocrx_word' id='word_1_186' title='bbox 168 3180 292 3237; x_wconf 87' lang='lat' dir='ltr'>manus</span> <span class='ocrx_word' id='word_1_187' title='bbox 317 3156 487 3252; x_wconf 77' lang='lat' dir='ltr'>suscipit‘i</span> <span class='ocrx_word' id='word_1_188' title='bbox 513 3162 649 3254; x_wconf 76' lang='lat' dir='ltr'>quirin</span> <span class='ocrx_word' id='word_1_189' title='bbox 670 3164 793 3256; x_wconf 88' lang='lat' dir='ltr'>spiritu</span> <span class='ocrx_word' id='word_1_190' title='bbox 818 3165 951 3257; x_wconf 91' lang='lat' dir='ltr'>primus</span> <span class='ocrx_word' id='word_1_191' title='bbox 979 3162 1168 3259; x_wconf 69' lang='lat' dir='ltr'>agnoscit?</span> 
     </span>
     <span class='ocr_line' id='line_1_28' title="bbox 110 3258 1170 3359; baseline 0.004 -24"><span class='ocrx_word' id='word_1_192' title='bbox 110 3263 169 3335; x_wconf 87' lang='lat' dir='ltr'>vir</span> <span class='ocrx_word' id='word_1_193' title='bbox 185 3260 323 3353; x_wconf 36' lang='lat' dir='ltr'>,irritum</span> <span class='ocrx_word' id='word_1_194' title='bbox 348 3259 382 3332; x_wconf 80' lang='lat' dir='ltr'>dt</span> <span class='ocrx_word' id='word_1_195' title='bbox 404 3258 516 3333; x_wconf 80' lang='lat' dir='ltr'>castor</span> <span class='ocrx_word' id='word_1_196' title='bbox 539 3260 717 3354; x_wconf 87' lang='lat' dir='ltr'>&amp;utique</span> <span class='ocrx_word' id='word_1_197' title='bbox 733 3284 811 3336; x_wconf 93' lang='lat' dir='ltr'>non</span> <span class='ocrx_word' id='word_1_198' title='bbox 831 3264 1008 3359; x_wconf 85' lang='lat' dir='ltr'>digamus,</span> <span class='ocrx_word' id='word_1_199' title='bbox 1034 3264 1097 3336; x_wconf 85' lang='lat' dir='ltr'>vei</span> <span class='ocrx_word' id='word_1_200' title='bbox 1117 3284 1170 3339; x_wconf 85' lang='lat' dir='ltr'>ne</span> 
     </span>
     <span class='ocr_line' id='line_1_29' title="bbox 110 3357 1171 3459; baseline 0.001 -23"><span class='ocrx_word' id='word_1_201' title='bbox 110 3362 246 3459; x_wconf 85' lang='lat' dir='ltr'>dignius</span> <span class='ocrx_word' id='word_1_202' title='bbox 271 3380 359 3435; x_wconf 83' lang='lat' dir='ltr'>mox</span> <span class='ocrx_word' id='word_1_203' title='bbox 386 3357 542 3434; x_wconf 76' lang='lat' dir='ltr'>Christus</span> <span class='ocrx_word' id='word_1_204' title='bbox 566 3384 588 3435; x_wconf 88' lang='lat' dir='ltr'>a</span> <span class='ocrx_word' id='word_1_205' title='bbox 608 3362 740 3453; x_wconf 80' lang='lat' dir='ltr'>femina</span> <span class='ocrx_word' id='word_1_206' title='bbox 766 3364 1016 3456; x_wconf 76' lang='lat' dir='ltr'>prediceretur</span> <span class='ocrx_word' id='word_1_207' title='bbox 1036 3376 1171 3437; x_wconf 89' lang='lat' dir='ltr'>vetere</span> 
     </span>
     <span class='ocr_line' id='line_1_30' title="bbox 110 3458 1168 3558; baseline 0.006 -26"><span class='ocrx_word' id='word_1_208' title='bbox 110 3462 219 3536; x_wconf 87' lang='lat' dir='ltr'>vidua</span> <span class='ocrx_word' id='word_1_209' title='bbox 240 3458 461 3553; x_wconf 69' lang='lat' dir='ltr'>deumiura,</span> <span class='ocrx_word' id='word_1_210' title='bbox 495 3481 572 3555; x_wconf 84' lang='lat' dir='ltr'>quae</span> <span class='ocrx_word' id='word_1_211' title='bbox 598 3461 787 3558; x_wconf 87' lang='lat' dir='ltr'>&amp;templo</span> <span class='ocrx_word' id='word_1_212' title='bbox 810 3462 929 3536; x_wconf 90' lang='lat' dir='ltr'>dedita</span> <span class='ocrx_word' id='word_1_213' title='bbox 953 3460 1032 3535; x_wconf 85' lang='lat' dir='ltr'>satis</span> <span class='ocrx_word' id='word_1_214' title='bbox 1057 3462 1095 3534; x_wconf 91' lang='lat' dir='ltr'>in</span> <span class='ocrx_word' id='word_1_215' title='bbox 1114 3460 1168 3538; x_wconf 84' lang='lat' dir='ltr'>se·</span> 
     </span>
     <span class='ocr_line' id='line_1_31' title="bbox 108 3559 1169 3661; baseline 0.003 -27"><span class='ocrx_word' id='word_1_216' title='bbox 108 3562 254 3657; x_wconf 86' lang='lat' dir='ltr'>metipsa</span> <span class='ocrx_word' id='word_1_217' title='bbox 272 3559 527 3658; x_wconf 87' lang='lat' dir='ltr'>portentebat,</span> <span class='ocrx_word' id='word_1_218' title='bbox 554 3562 674 3655; x_wconf 85' lang='lat' dir='ltr'>quales</span> <span class='ocrx_word' id='word_1_219' title='bbox 690 3560 834 3657; x_wconf 88' lang='lat' dir='ltr'>spiritali</span> <span class='ocrx_word' id='word_1_220' title='bbox 857 3565 1015 3655; x_wconf 79' lang='lat' dir='ltr'>templo,</span> <span class='ocrx_word' id='word_1_221' title='bbox 1041 3561 1169 3661; x_wconf 83' lang='lat' dir='ltr'>idest,</span> 
     </span>
     <span class='ocr_line' id='line_1_32' title="bbox 109 3660 1166 3738; baseline 0.003 -3"><span class='ocrx_word' id='word_1_222' title='bbox 109 3662 264 3736; x_wconf 83' lang='lat' dir='ltr'>ecclefiae</span> <span class='ocrx_word' id='word_1_223' title='bbox 284 3660 439 3735; x_wconf 89' lang='lat' dir='ltr'>debeant</span> <span class='ocrx_word' id='word_1_224' title='bbox 467 3661 656 3736; x_wconf 81' lang='lat' dir='ltr'>adherere.</span> <span class='ocrx_word' id='word_1_225' title='bbox 717 3660 827 3736; x_wconf 81' lang='lat' dir='ltr'>Tales</span> <span class='ocrx_word' id='word_1_226' title='bbox 861 3664 1016 3736; x_wconf 79' lang='lat' dir='ltr'>arbitror</span> <span class='ocrx_word' id='word_1_227' title='bbox 1044 3660 1166 3738; x_wconf 77' lang='lat' dir='ltr'>infant</span> 
     </span>
     <span class='ocr_line' id='line_1_33' title="bbox 109 3760 1169 3857; baseline 0.004 -22"><span class='ocrx_word' id='word_1_228' title='bbox 109 3760 274 3836; x_wconf 77' lang='lat' dir='ltr'>dominus</span> <span class='ocrx_word' id='word_1_229' title='bbox 289 3774 479 3857; x_wconf 81' lang='lat' dir='ltr'>expertus,</span> <span class='ocrx_word' id='word_1_230' title='bbox 503 3782 580 3836; x_wconf 92' lang='lat' dir='ltr'>non</span> <span class='ocrx_word' id='word_1_231' title='bbox 595 3763 684 3835; x_wconf 83' lang='lat' dir='ltr'>aiios</span> <span class='ocrx_word' id='word_1_232' title='bbox 701 3761 826 3835; x_wconf 88' lang='lat' dir='ltr'>habuit</span> <span class='ocrx_word' id='word_1_233' title='bbox 845 3764 880 3836; x_wconf 80' lang='lat' dir='ltr'>da</span> <span class='ocrx_word' id='word_1_234' title='bbox 895 3764 1047 3837; x_wconf 84' lang='lat' dir='ltr'>adultus.</span> <span class='ocrx_word' id='word_1_235' title='bbox 1098 3760 1169 3839; x_wconf 87' lang='lat' dir='ltr'>Pe-</span> 
     </span>
     <span class='ocr_line' id='line_1_34' title="bbox 108 3860 1169 3961; baseline 0.004 -28"><span class='ocrx_word' id='word_1_236' title='bbox 108 3874 202 3933; x_wconf 90' lang='lat' dir='ltr'>trum</span> <span class='ocrx_word' id='word_1_237' title='bbox 217 3860 331 3937; x_wconf 89' lang='lat' dir='ltr'>solum</span> <span class='ocrx_word' id='word_1_238' title='bbox 347 3862 497 3934; x_wconf 87' lang='lat' dir='ltr'>invenio</span> <span class='ocrx_word' id='word_1_239' title='bbox 512 3862 695 3948; x_wconf 81' lang='lat' dir='ltr'>maritum3</span> <span class='ocrx_word' id='word_1_240' title='bbox 722 3883 788 3955; x_wconf 90' lang='lat' dir='ltr'>per</span> <span class='ocrx_word' id='word_1_241' title='bbox 805 3861 964 3956; x_wconf 91' lang='lat' dir='ltr'>socrum,</span> <span class='ocrx_word' id='word_1_242' title='bbox 977 3882 1169 3961; x_wconf 68' lang='lat' dir='ltr'>‘monoga-</span> 
     </span>
     <span class='ocr_line' id='line_1_35' title="bbox 107 3962 1167 4135; baseline 0 -100"><span class='ocrx_word' id='word_1_243' title='bbox 107 3978 203 4035; x_wconf 84' lang='lat' dir='ltr'>mum</span> <span class='ocrx_word' id='word_1_244' title='bbox 221 3962 416 4053; x_wconf 77' lang='lat' dir='ltr'>presumo,</span> <span class='ocrx_word' id='word_1_245' title='bbox 429 3982 508 4135; x_wconf 57' lang='lat' dir='ltr'>per</span> <span class='ocrx_word' id='word_1_246' title='bbox 529 3962 731 4054; x_wconf 83' lang='lat' dir='ltr'>ecclesiam,</span> <span class='ocrx_word' id='word_1_247' title='bbox 756 3982 834 4054; x_wconf 84' lang='lat' dir='ltr'>quae</span> <span class='ocrx_word' id='word_1_248' title='bbox 843 3965 940 4058; x_wconf 81' lang='lat' dir='ltr'>super</span> <span class='ocrx_word' id='word_1_249' title='bbox 960 3968 1045 4032; x_wconf 69' lang='lat' dir='ltr'>idum</span> <span class='ocrx_word' id='word_1_250' title='bbox 1068 3964 1167 4056; x_wconf 75' lang='lat' dir='ltr'>aed&#39;fi·</span> 
     </span>
     <span class='ocr_line' id='line_1_36' title="bbox 107 4060 1167 4159; baseline 0.006 -28"><span class='ocrx_word' id='word_1_251' title='bbox 107 4074 179 4131; x_wconf 83' lang='lat' dir='ltr'>cara</span> <span class='ocrx_word' id='word_1_252' title='bbox 203 4080 346 4133; x_wconf 90' lang='lat' dir='ltr'>omnem</span> <span class='ocrx_word' id='word_1_253' title='bbox 368 4081 430 4158; x_wconf 82' lang='lat' dir='ltr'>gra</span> <span class='ocrx_word' id='word_1_254' title='bbox 453 4082 514 4135; x_wconf 87' lang='lat' dir='ltr'>um</span> <span class='ocrx_word' id='word_1_255' title='bbox 534 4060 668 4135; x_wconf 90' lang='lat' dir='ltr'>ordinis</span> <span class='ocrx_word' id='word_1_256' title='bbox 694 4060 743 4134; x_wconf 91' lang='lat' dir='ltr'>sui</span> <span class='ocrx_word' id='word_1_257' title='bbox 765 4062 811 4135; x_wconf 88' lang='lat' dir='ltr'>de</span> <span class='ocrx_word' id='word_1_258' title='bbox 832 4069 1056 4159; x_wconf 83' lang='lat' dir='ltr'>monogamis</span> <span class='ocrx_word' id='word_1_259' title='bbox 1085 4076 1167 4139; x_wconf 90' lang='lat' dir='ltr'>erat</span> 
     </span>
     <span class='ocr_line' id='line_1_37' title="bbox 107 4158 1166 4335; baseline 0.003 -101"><span class='ocrx_word' id='word_1_260' title='bbox 107 4158 339 4235; x_wconf 84' lang='lat' dir='ltr'>collocutura.</span> <span class='ocrx_word' id='word_1_261' title='bbox 390 4159 551 4255; x_wconf 74' lang='lat' dir='ltr'>Ceteros</span> <span class='ocrx_word' id='word_1_262' title='bbox 566 4182 648 4238; x_wconf 86' lang='lat' dir='ltr'>cum</span> <span class='ocrx_word' id='word_1_263' title='bbox 661 4162 902 4257; x_wconf 22' lang='lat' dir='ltr'>maritos-non</span> <span class='ocrx_word' id='word_1_264' title='bbox 919 4167 1085 4335; x_wconf 56' lang='lat' dir='ltr'>inveuig,</span> <span class='ocrx_word' id='word_1_265' title='bbox 1101 4176 1166 4239; x_wconf 86' lang='lat' dir='ltr'>aut</span> 
     </span>
    </p>

    <p class='ocr_par' dir='ltr' id='par_1_4' title="bbox 987 4264 1112 4359">
     <span class='ocr_line' id='line_1_38' title="bbox 987 4264 1112 4359; baseline -0.016 -22"><span class='ocrx_word' id='word_1_266' title='bbox 987 4264 1043 4359; x_wconf 88' lang='lat' dir='ltr'>spa</span> <span class='ocrx_word' id='word_1_267' title='bbox 1070 4286 1112 4335; x_wconf 87' lang='lat' dir='ltr'>o·</span> 
     </span>
    </p>
   </div>
   <div class='ocr_carea' id='block_1_3' title="bbox 0 0 1204 4590">
    <p class='ocr_par' dir='ltr' id='par_1_5' title="bbox 0 0 1204 4590">
     <span class='ocr_line' id='line_1_39' title="bbox 0 0 1204 4590; baseline 0 0"><span class='ocrx_word' id='word_1_268' title='bbox 0 0 1204 4590; x_wconf 95' lang='lat' dir='ltr'> </span> 
     </span>
    </p>
   </div>
  </div>
 </body>
</html>
