2400 4590
97 493 175 555 nro
245 475 295 575 Q.
320 470 455 547 serr.
481 468 624 547 Fron.
647 467 1013 546 Tanrnaarxxr

100 658 209 730 nem,
238 632 352 709 sedin
369 631 614 727 perditionem
628 631 776 706 tradidit
794 630 958 727 Satanae,
991 633 1035 708 ad
1056 652 1166 727 quem

97 741 173 833 jam
194 734 297 829 super
314 732 482 807 ethnicos
504 731 747 823 delinquendo
769 731 973 826 transierat,
999 749 1041 807 ut
1056 734 1166 811 disce·

100 849 187 911 rent
207 833 458 907 fornicandum
476 853 554 905 non
577 830 658 907 esse.
717 830 884 925 Denique
903 834 941 905 in
962 836 1165 933 interitum,

100 934 240 1028 inquit,
266 934 404 1025 carnis,
430 954 506 1005 non
519 932 556 1004 in
573 932 790 1023 cruciatum,
815 930 921 1024 ipsam
937 930 1166 1011 substantiam

100 1034 270 1109 damnans
287 1052 352 1127 per
369 1053 473 1124 quam
487 1032 692 1123 exciderat,
719 1052 795 1122 qua
813 1030 942 1105 exinde
954 1031 1026 1123 jam
1049 1036 1167 1126 perie-

98 1147 158 1209 rat
175 1130 387 1227 baptismate
406 1128 550 1224 amisso,
574 1145 616 1203 ut
635 1129 797 1223 spiritus,
821 1130 959 1224 inquit,
984 1129 1101 1205 salvus
1120 1135 1165 1208 srt

99 1234 214 1307 indie
231 1231 393 1308 Domini.
445 1229 495 1303 Et
509 1230 640 1304 dehoc
656 1230 748 1301 enim
764 1243 961 1323 queratur,
983 1230 1163 1324 srspiritus

98 1332 257 1409 hominis
276 1330 382 1425 ipfius
404 1328 520 1404 salvus
542 1332 620 1404 erit.
681 1325 781 1423 Ergo
800 1328 917 1402 salvus
939 1332 1008 1403 erit
1023 1330 1165 1425 spiritua

98 1446 206 1507 tanto
219 1428 354 1504 scelere
369 1432 553 1523 pollutus,
578 1443 730 1521 propter
747 1430 821 1501 hoc
840 1430 980 1521 perdita
996 1450 1102 1505 carne
1122 1446 1169 1507 ut

98 1530 218 1607 salvus
236 1530 281 1605 stt
301 1530 340 1603 in
356 1550 470 1623 poena.
523 1528 621 1626 Ergo
639 1549 779 1623 poenam
797 1530 868 1602 srne
884 1550 990 1603 carne
1004 1530 1167 1605 censebit

100 1630 285 1706 contraria
295 1627 568 1723 interpretatio,
583 1628 609 1701 fi
624 1626 918 1702 resurreilionem
933 1632 1048 1702 carnis
1066 1633 1168 1705 amit·

98 1732 222 1806 timus.
273 1727 440 1821 Superest
454 1728 562 1826 igitur
574 1745 617 1800 ut
630 1748 712 1801 eum
726 1726 887 1821 spiritum
903 1727 1034 1802 dixerit
1049 1734 1109 1823 qui
1124 1731 1166 1807 in

97 1828 261 1904 Ecclesia
277 1825 465 1922 censetur,
492 1827 654 1920 salvum,
681 1828 716 1899 id
737 1826 788 1900 est
804 1830 981 1925 integrum
1000 1830 1166 1923 prestan-

99 1932 186 2005 dum
213 1930 249 2004 in
276 1929 334 2003 die
359 1928 508 2003 Domini
531 1928 575 2001 ab
600 1926 900 2001 immunditiarum
927 1932 1164 2027 contagione,

99 2026 218 2123 ejedlo
234 2024 370 2102 incesto
386 2028 623 2101 somicatore.
661 2026 840 2117 Siquidem
855 2025 1053 2125 subjungitz
1070 2028 1166 2105 Non

98 2128 195 2202 scitis
210 2127 309 2219 quod
326 2125 507 2200 modicum
528 2126 743 2199 fermentum
766 2140 883 2199 totam
909 2128 1053 2223 desipiat
1077 2149 1166 2204 con·

98 2227 325 2320 spersronem.
348 2224 398 2298 Et
411 2239 530 2298 tamen
543 2224 738 2298 fornicatio
753 2225 886 2299 incesta
901 2248 980 2300 non
995 2244 1071 2303 erat
1085 2248 1167 2303 mo·

102 2328 244 2420 dicum,
270 2324 330 2399 sed
346 2324 479 2420 grande
499 2325 725 2399 fermentum.

178 2448 235 2516 14.
259 2421 309 2496 Et
330 2426 384 2498 his
401 2425 520 2515 itaque
534 2422 681 2499 discussis
703 2446 780 2516 quae
794 2422 1082 2521 intercesserant,
1108 2447 1168 2503 re.

98 2526 245 2623 gredior
270 2524 314 2599 ad
336 2521 525 2597 secundam
549 2520 845 2618 Corinthiorum,
881 2542 924 2599 ut
949 2530 1102 2620 probem
1124 2530 1166 2603 il-

65 2623 75 2641 *
100 2626 163 2700 lud
177 2645 323 2719 quoque
338 2621 510 2717 Apostoli
526 2622 673 2697 ditlum:
704 2624 858 2713 Suffitiar
877 2632 1023 2713 ejusmodi
1041 2630 1167 2699 damiata·

99 2733 273 2822 increpatio
290 2726 346 2821 isla
362 2750 428 2822 qua
446 2750 466 2794 a
485 2725 616 2814 multis,
640 2745 717 2798 non
737 2727 773 2798 in
794 2723 1025 2798 fornicatoris
1043 2726 1165 2819 perso·

97 2849 182 2900 narn
201 2825 412 2897 convenire.
465 2823 500 2894 Si
523 2826 616 2897 enim
637 2824 835 2897 dedendum
849 2822 986 2897 Satanoe
1002 2846 1167 2921 pronun·

98 2928 256 2997 tiaverat
272 2924 307 2993 in
323 2922 506 2993 interitum
525 2924 664 3015 carnis,
691 2926 815 3013 utique
833 2923 1064 2999 damnaverat
1079 2948 1165 3003 eum

97 3024 233 3118 magis,
259 3041 362 3112 quam
381 3020 643 3110 increpaverat.
693 3017 797 3092 Alius
815 3042 904 3117 ergo
927 3040 1003 3099 erat
1021 3026 1078 3097 cui
1095 3046 1165 3098 vo·

100 3122 170 3195 luit
200 3118 357 3193 sufficere
388 3120 685 3211 increpationem.
748 3119 927 3213 Siquidem
960 3124 1165 3197 fornicator

97 3242 177 3297 non
200 3220 486 3312 increpationem
509 3217 553 3290 de
577 3217 752 3291 sententia
773 3224 849 3313 ejus
874 3225 1072 3319 retulerat,
1106 3220 1166 3298 sed

99 3319 377 3394 damnationem.
436 3316 532 3392 Nam
551 3319 584 3390 u
603 3320 676 3390 hoc
696 3317 806 3411 ipsum
823 3319 1075 3415 dispiciendum
1095 3324 1165 3396 tibi

98 3418 243 3511 offero,
270 3430 315 3489 an
335 3415 468 3489 suerint
486 3417 524 3489 in
547 3416 694 3510 epistola
714 3422 826 3511 prima
847 3422 883 3493 dc
902 3423 960 3495 alii
982 3424 1041 3514 qui
1060 3423 1165 3515 Apo·

97 3516 229 3593 stolum
251 3516 546 3590 contristaverint
571 3518 757 3590 incondite
784 3534 949 3617 agentes,
976 3520 1166 3595 &contri-

97 3618 179 3693 stati
195 3616 263 3690 srnt
285 3618 328 3689 ab
354 3618 419 3688 illo
441 3618 727 3710 increpationem
750 3620 948 3695 referentes
965 3622 1067 3714 juxta
1088 3618 1167 3699 sene

97 3718 174 3791 sum
191 3715 348 3812 epistola
363 3716 542 3809 secundae,
570 3738 615 3790 ex
630 3719 756 3809 quibus
771 3720 808 3793 in
821 3742 864 3793 ea
876 3722 1020 3795 veniam
1038 3720 1166 3812 aliquis

96 3816 264 3913 potuerit
277 3815 428 3913 adipisci.
475 3814 812 3892 Animadvertamus
827 3835 946 3895 autem
960 3835 1076 3894 totam
1090 3822 1166 3914 epi·

97 3914 225 3992 stolam
241 3918 409 4009 primam,
434 3930 476 3987 ut
490 3917 541 3988 ita
558 3918 730 4010 dixerim,
756 3939 833 3991 non
854 3936 1078 4013 atramento,
1105 3916 1169 3995 sed

97 4016 183 4091 selle
196 4013 453 4109 conscriptam,
467 4031 684 4109 tumentem,
700 4018 961 4115 indignantem,
975 4021 1169 4117 dedignari·

96 4129 195 4215 tem,
212 4120 512 4215 comminantem,
529 4114 760 4219 invidiosam,
773 4121 890 4229 &per
904 4114 1167 4293 fingulasscuasus·
