692 1460
509 286 514 295 x

101 330 115 344 Χ
322 337 424 349 ==

103 371 144 387 tam
153 364 241 387 dulciter
248 364 341 387 familiari
350 372 433 394 aequutn
445 364 471 386 de
477 365 502 386 iis
508 371 555 393 quae
563 364 629 387 obser·
645 381 647 395 :

101 400 170 419 varas,
185 393 288 422 judicium
301 401 480 422 exponentem.—
646 411 647 414 ,

145 423 199 444 Dein
211 428 234 444 ut
248 428 268 444 te
279 423 348 444 rursus
361 424 418 444 omni
428 423 490 444 coetui
500 422 631 445 eruditorum
645 422 647 444 ἶ

101 451 123 472 in
132 450 252 479 exemplum
262 458 390 479 proponam,
405 451 495 474 hominis
506 457 554 472 vere
567 451 629 478 reffl,

101 478 122 501 di
153 480 223 501 itatem
232 479 326 501 humanae
335 487 411 502 naturae
423 479 499 501 invii-Ite
508 478 630 507 sustinentis,

101 486 178 529 roffam
185 509 288 529 tramitem
294 508 354 530 solius
365 509 455 530 veritatis
463 507 581 537 gradientis,
590 515 630 536 neq

102 536 128 557 ad
143 536 242 558 sinistrum
255 543 293 558 nec
309 536 335 558 ad
347 537 440 558 dextram
451 536 585 562 declinam-is,
601 536 631 559 di-

131 572 210 594 umque
223 571 243 586 te
256 565 336 590 dicam,
355 567 392 594 qui
407 565 488 587 servum
502 571 567 593 pecus
581 565 630 587 adu-

100 572 188 615 fficium
202 593 250 615 forti
263 593 318 622 pede
330 594 395 616 calces
409 600 505 622 repetens
514 608 521 618 ‚
540 593 562 615 &
574 594 631 623 quasi

103 622 227 650 triumphale
237 622 274 644 tibi
283 623 319 651 ipfi
325 629 407 644 carmen
418 628 503 647 canens,
514 621 565 643 illud
574 629 630 645 com·
639 633 643 635 -

99 650 230 678 plementum
239 650 324 672 laudum
336 658 418 673 tuarum
430 651 508 680 quibus
518 657 586 673 meam
594 658 630 680 pa·

100 680 160 700 triam
169 679 253 704 ornasti,
267 694 281 704 „
289 680 342 702 Um
357 686 489 701 VERITATI
499 680 539 700 &c.
550 682 563 692 “

143 713 172 734 lta
181 720 248 741 nuper
256 714 275 735 in
285 714 351 741 prima
360 713 386 735 ad
395 719 415 734 te
424 712 508 741 epistola
517 713 585 741 primo
593 719 630 734 vo-

99 741 173 762 lumini
186 742 378 763 Tertullianeorum
391 748 479 770 operum
493 741 592 769 praemissa
607 742 630 763 in

97 776 135 820 {ug
145 769 213 803 effigie
221 777 275 792 verae
284 771 378 792 amicitiae
387 771 498 800 imaginem
507 769 587 791 mundo
594 777 629 791 ex-

113 806 118 819 l
136 805 164 819 ul.
172 810 198 815 —·

142 827 233 849 Demum
241 834 265 849 ut
275 834 388 856 provocem
398 833 435 849 tuo
443 826 511 848 rursus
521 825 627 854 exemplo,

98 856 164 877 amice
183 857 274 884 optime,
293 855 430 878 adolescentes
449 856 545 877 concives
567 862 628 877 meos

97 890 140 905 non
158 890 238 906 tantum
257 886 311 914 qu'os
328 887 381 906 mea·
391 884 505 906 Franconia
521 883 572 909 alit,
593 883 627 905 sed

98 919 182 937 omneS,
205 919 345 941 quoscunque
361 912 459 934 Universa
474 912 569 934 litteraria
586 918 627 934 res-

98 940 182 969 publica
195 941 247 962 mihi
261 940 295 962 tali
305 941 371 962 civico
382 947 437 962 nexu
447 940 526 969 jungit,
541 947 565 962 ut
576 940 589 961 fi
598 939 628 962 fa-

98 969 163 990 cultas
175 969 234 994 adfit‚
254 976 288 991 ma
304 976 351 991 narn
365 970 423 997 prius
436 976 524 998 peregre
535 976 547 990 a
559 970 626 997 patrio

97 997 140 1019 solo
154 997 226 1019 adeant
239 998 286 1019 scho
295 1005 328 1019 nm
337 997 482 1023 humanitatis,
497 999 627 1020 Mur-mum

96 1032 239 1053 EXTERUM3
258 1033 321 1056 quam
337 1026 373 1048 ulli
388 1027 470 1048 muneri
485 1027 506 1048 in
515 1026 548 1047 sua
562 1025 581 1047 se
592 1033 627 1055 pa-

96 1055 135 1076 tria
143 1061 154 1076 n
170 1055 260 1083 plicent,
276 1055 308 1077 Eo
319 1056 375 1077 enim
388 1054 494 1077 discuntur
507 1056 572 1083 magis
581 1054 628 1082 jura

97 1083 119 1104 δι
128 1090 141 1104 ο
165 1084 196 1105 cia
205 1083 343 1109 humanitatis,
355 1090 398 1112 quo
409 1084 456 1133 ciuis
466 1083 537 1112 plures
546 1083 591 1111 ejus
597 1090 627 1105 rev

97 1113 170 1140 giones
180 1113 323 1141 peragraverit,
336 1112 358 1134 δε
366 1119 409 1140 quo
425 1113 510 1134 atiorem
517 1112 572 1141 quasi
577 1112 626 1140 quis
644 1129 647 1131 .

96 1139 160 1168 ipsam
169 1140 318 1162 humanitatem
327 1140 412 1168 viderit3
421 1147 484 1169 atque
490 1140 515 1162 ad
520 1140 626 1168 cosmopo-

96 1168 173 1190 liticam
183 1168 310 1197 sapientiam,
323 1170 452 1198 virtutesque
464 1169 511 1191 alias
520 1176 566 1198 quae
572 1169 626 1191 hane

97 1198 233 1223 comitantur,
257 1205 347 1227 quaeque
372 1199 441 1219 virum
462 1197 536 1219 decent
554 1197 627 1226 insigni

97 1225 179 1247 cuidam
191 1228 273 1248 muneri
288 1228 310 1248 in
323 1233 450 1256 quacunque
465 1227 548 1248 civitate
562 1226 627 1259 prasi-

573 1261 626 1276 cien-
