2468 4530
110 490 181 581 708
255 482 305 581 Q.
330 476 465 557 ster.
490 468 633 557 Fron.
659 476 1035 557 Tceruoutnnr

109 646 145 721 Si
161 664 239 718 non
252 642 328 738 ipse
344 642 445 717 dedit
454 643 551 738 leges
565 694 579 735 ,
603 639 707 715 Deus
723 638 802 735 ipse
821 636 1009 736 Creator,

111 740 272 841 Aegypti
296 744 341 815 de
355 744 446 815 caiie
464 743 557 816 viam
573 744 634 833 qui
646 737 775 814 strant
788 742 828 814 in
848 740 982 833 undis,

110 842 160 917 Et
180 843 282 917 seder
294 844 403 939 gratis
418 840 518 913 dedit
532 842 596 913 hes
617 859 704 930 quas
720 840 867 913 dixerat
884 842 995 914 oiim:

111 942 189 1037 Ipsa
201 962 265 1015 cur
282 942 320 1013 in
333 954 442 1037 gente
456 942 579 1033 venit,
604 954 773 1031 temque
789 936 951 1013 diceto?

110 1042 201 1117 Non
218 1042 307 1115 aiios
323 1042 504 1135 populos,
531 1052 592 1111 aut
608 1040 719 1111 altera
733 1056 849 1135 regns
865 1038 1032 1134 petivit?

112 1140 187 1213 Cur
206 1143 273 1231 jem
290 1159 355 1235 per
372 1152 474 1211 vetes
491 1136 657 1233 praedidto
673 1138 828 1211 nomine
850 1148 946 1213 toto

111 1240 203 1313 Non
218 1241 367 1333 proprio
381 1236 446 1312 suo
459 1237 495 1309 se
508 1238 710 1311 vocitatum
730 1234 885 1309 tredidit
899 1233 987 1312 ess'e.

111 1336 221 1413 Unde
236 1340 343 1411 etiam
358 1338 481 1430 potuit
494 1334 655 1431 beptifini
671 1335 770 1409 dont
784 1336 952 1432 benigna

111 1436 280 1511 Promiiia
292 1440 354 1509 ebs
371 1438 442 1508 alio
460 1450 627 1527 tanquam
639 1434 699 1507 sue
715 1454 893 1529 promere
910 1430 1035 1508 satia?

109 1536 201 1611 Haec
213 1536 379 1609 mandata
397 1534 469 1608 Dei
491 1532 706 1631 transgressi,
730 1530 839 1607 sorde
855 1536 1003 1629 reperti

111 1633 321 1729 Optebent,
347 1637 564 1727 veniamque
578 1634 653 1707 fera
665 1631 711 1705 de
726 1646 850 1705 morte
863 1636 1072 1727 petebaot3

110 1732 309 1829 Expectata
328 1734 389 1807 diu
409 1736 539 1809 merito
561 1753 718 1825 venere,
745 1729 902 1805 sediliis

112 1834 186 1928 Qui
203 1836 300 1927 prius
315 1834 454 1923 audite,
480 1848 516 1905 at
529 1852 628 1906 nunc
643 1851 831 1927 agnovere
843 1844 1021 1925 reperte,

113 1934 199 2005 Hoc
214 1934 277 2005 det
291 1953 378 2007 vere
393 1952 518 2006 manus
532 1928 680 2024 Christi,
706 1929 813 2003 Peter
827 1928 908 2025 ipse
933 1936 1081 2005 creator

112 2030 262 2123 Semper
276 2033 322 2104 eb
339 2043 476 2103 sterno
491 2043 641 2123 monet,
665 2029 701 2103 dt
718 2030 779 2124 pie
794 2048 898 2103 voce
915 2031 1085 2124 requirit,

112 2132 297 2225 Quodque
312 2126 499 2223 figuravit,
527 2128 660 2207 fovet,
684 2142 793 2219 etque
811 2124 971 2224 figuret,
997 2128 1034 2203 dt
1049 2138 1149 2219 armti,

111 2226 161 2297 Et
176 2230 246 2317 jam
263 2225 471 2319 despectum
489 2225 605 2300 vietor
619 2228 678 2301 sue
695 2230 777 2301 luce
794 2227 976 2321 revestit,

111 2325 166 2396 Ut
180 2341 324 2397 maneat
343 2326 487 2399 virtutis
504 2346 598 2419 opus
613 2348 694 2401 cum
711 2327 816 2399 laude
833 2330 1009 2418 perenni.
1179 2413 1182 2423 Ι

162 2428 197 2501 ό,
224 2426 324 2525 Quid
339 2422 501 2520 prestare
515 2426 640 2521 Deus,
667 2427 751 2519 quid
767 2422 1009 2519 poffithomo
1021 2430 1107 2523 pati,
1124 2440 1149 2498 u

905 2546 1042 2601 omnes

113 2622 346 2720 Agnoscent,
370 2626 521 2716 vivant,
548 2624 646 2715 quod
661 2623 750 2697 fecit
764 2622 852 2695 viva
871 2624 1062 2718 potestas:

113 2724 185 2795 Sed
200 2725 281 2814 quie
298 2743 368 2795 nec
383 2722 546 2816 preditis
566 2722 684 2816 prius,
710 2742 780 2795 nec
793 2716 886 2795 fecte
902 2722 1073 2819 supreme

112 2820 315 2894 Dementes
333 2823 500 2896 homines
516 2820 661 2915 poffunt
676 2820 820 2895 suadete
840 2820 1031 2918 ferentes,

114 2918 195 2992 Effe
212 2919 396 2995 hominem
412 2920 541 2995 sedtum
558 2920 695 3009 Deum,
718 2918 954 3015 pessumque,
977 2924 1154 3021 sepultum,

113 3016 326 3110 Surresiffe‚
353 3034 395 3092 ut
409 3024 460 3093 eis
478 3021 588 3093 tantis
604 3022 840 3095 clamantibus
856 3022 951 3097 olim

40 3192 43 3199 ,
114 3115 256 3188 Coeiesti
272 3119 408 3210 verbo,
436 3122 636 3213 complexis
651 3119 820 3212 testibus,
846 3122 962 3195 ambo

112 3214 291 3288 Terrestri
313 3215 434 3291 saitem
456 3220 590 3291 rationi
610 3222 759 3293 credere
783 3215 934 3297 discent.

114 3314 205 3388 Cum
223 3314 405 3390 Dominus
422 3316 581 3391 Christus
598 3337 683 3391 caro
702 3318 819 3411 nasci,
844 3323 956 3395 venit
971 3321 1012 3397 in
1027 3322 1141 3399 orbem
1188 3373 1193 3390 .

112 3412 264 3507 Augusti
281 3419 371 3511 regis
385 3420 522 3490 tomani
544 3430 734 3512 tempore,
760 3420 917 3510 primum
1190 3407 1195 3516 ἱ

112 3510 280 3585 Decreto
295 3528 421 3609 gentes
442 3515 550 3589 censu
562 3531 796 3591 numerentur
812 3518 979 3613 ubique,
1192 3529 1195 3545 '

111 3611 212 3683 Idem
228 3611 301 3683 hoc
319 3634 382 3685 rex
397 3613 494 3687 forte
508 3617 610 3708 tulit,
635 3618 718 3709 quia
730 3614 862 3689 summa
878 3620 1056 3695 voluntas
1192 3650 1198 3718 p

111 3704 154 3782 ln
172 3710 271 3800 cuius
287 3732 412 3805 manu,
439 3716 619 3809 regnantis
638 3736 724 3810 cor,
749 3715 889 3812 legibus
906 3716 1018 3812 ciret,

111 3804 214 3878 Fecit
231 3810 382 3901 prinus,
409 3812 695 3889 &innumerum
713 3812 887 3909 scriptura
902 3817 1047 3893 redacta
1061 3814 1117 3895 est.
1196 3835 1199 3842 '

110 3904 220 3977 Tunc
236 3910 343 3983 etiam
358 3911 493 4006 Joseph
514 3910 633 3987 Maria
646 3935 729 3989 cum
748 3914 907 4011 conjuge
923 3916 1034 4013 foeta,

110 4000 251 4117 Coleiii
269 4012 403 4097 pariter
415 4027 527 4107 gnato
548 4028 800 4107 numerantur,
827 4013 862 4085 oz
876 4014 965 4113 ipfi,

107 4100 206 4177 Hinc
224 4104 467 4183 instrumentis
483 4112 640 4189 humane
658 4111 784 4189 astutia
802 4110 879 4189 nist

1048 4218 1114 4313 Qui
1197 4135 1200 4142 ⁵
