2400 4590
17 336 21 343 '
1015 352 1024 381 ι

400 529 479 591 nr
527 510 776 595 Arctus.
1043 534 1120 615 409

56 678 151 754 uarii
165 676 283 753 exitus
299 676 453 772 mortis,
477 678 522 751 ut
539 676 591 752 est
606 674 819 751 multimoda
839 670 1004 755 conditio
1024 672 1123 753 caus·

56 779 193 861 samm,
218 774 354 851 nuil'unl
373 780 423 849 ita
447 776 596 851 dicimus
615 778 752 863 lenem,
779 788 913 849 utnon
927 776 967 849 vi
1026 794 1118 856 atur.

55 876 137 972 Ipsa
150 880 208 951 illa
223 877 317 951 ratio
335 878 518 970 operatrix
532 878 680 969 mortis,
699 876 845 972 simplex
858 874 964 971 licet,
1056 876 1119 955 est.

58 978 158 1078 Quid
174 975 294 1051 enirn?
320 998 399 1069 quae
413 990 549 1051 tantam
566 976 690 1051 animae
710 975 744 1050 dr
760 976 874 1051 carnis
894 973 1120 1073 societatem,

56 1090 192 1151 tantam
213 1101 234 1151 a
250 1090 436 1171 conceptu
454 1078 726 1151 concretionem
741 1077 905 1151 sororum
919 1074 1123 1177 substantio

55 1197 138 1251 rum
162 1177 369 1251 divellitur
392 1176 534 1251 dirimit
562 1172 681 1249 'Nam
705 1178 768 1251 etsr
790 1196 863 1273 prro
883 1176 1014 1276 gaudio
1041 1176 1120 1269 quis

54 1275 225 1371 spiritum·
237 1277 406 1367 exhalet,
430 1290 473 1350 ut
498 1274 630 1350 Chilon
651 1275 866 1371 Spartanus,
899 1278 985 1353 dum
1004 1274 1120 1352 vidio-

53 1397 134 1451 rem
149 1377 328 1471 Olympia
342 1372 716 1472 filium'cmpleffitrua
749 1377 812 1452 etsr
830 1398 904 1469 pre
917 1380 1052 1473 gloria,
1067 1390 1121 1451 nt

56 1474 239 1549 Clidemus
260 1472 509 1571 Athenionis,
542 1475 626 1551 dum
647 1478 693 1551 ab
713 1474 944 1551 histrionibus
965 1479 1016 1555 ob
1033 1497 1122 1574 pre»

53 1574 219 1653 stantiam
233 1597 321 1649 auro
334 1590 553 1667 coronatura
579 1576 642 1651 etfi
656 1598 721 1671 per
734 1573 922 1693 somnium,
938 1591 982 1651 ut
995 1576 1120 1669 Plato;
1190 1594 1195 1603 ·

41 1675 119 1753 etii
139 1694 204 1768 per
217 1675 344 1769 risum,
362 1689 406 1750 ut
421 1674 460 1751 P.
474 1673 633 1751 Crali'rrs:
657 1676 775 1751 multo
792 1676 994 1751 molentior
1006 1696 1122 1773 mors,

57 1796 138 1871 qua
155 1794 220 1872 per
239 1776 354 1849 aliena
367 1773 554 1873 maliano,
582 1796 661 1870 quae
679 1774 831 1851 animam
844 1797 912 1871 per
927 1776 1121 1853 commoda

57 1875 228 1969 expellit,
259 1896 337 1967 que
359 1890 449 1949 tunc
469 1876 564 1949 mori
588 1874 726 1970 adfert,
761 1896 842 1951 curn
858 1876 1051 1971 jucundius
1069 1876 1124 1950 ul-

55 1994 149 2050 vere
174 1974 224 2049 est
242 1977 280 2049 in
302 1975 556 2069 exrdtatione,
588 1976 816 2069 inhonore,
846 1974 885 2051 in
904 1977 1049 2071 requie,
1084 1974 1127 2053 in

53 2074 262 2166 voluptate.
313 2076 382 2149 Vis
397 2074 499 2150 est&
516 2074 578 2149 illa
593 2074 769 2173 navigiis,
795 2096 877 2151 cum
894 2076 1004 2175 longe
1020 2096 1042 2152 a
1056 2072 1123 2151 Cr·

55 2174 198 2271 phareis
225 2172 342 2268 saxis,
375 2175 482 2251 nullis
511 2174 715 2272 depugnata
744 2176 977 2271 turbinibus,
1015 2177 1123 2251 nullis

58 2272 215 2369 quassata
236 2275 462 2355 decumanis.
496 2275 662 2349 adulante
684 2274 802 2371 flatu,
835 2277 983 2351 labente
1004 2274 1124 2371 crusu,

56 2376 203 2449 laetante
230 2375 432 2467 comitatu,
459 2375 627 2448 intestino
650 2388 802 2469 repente
823 2373 1013 2470 perculsu,
1041 2398 1125 2451 curn

58 2486 142 2548 tota
161 2472 351 2548 securitate
369 2473 547 2549 debdunt:
573 2496 649 2548 non
666 2473 764 2549 secus
780 2476 963 2573 naufragia
975 2475 1055 2550 sunt
1068 2477 1124 2549 vi·

58 2587 129 2667 tar,
161 2575 267 2648 etiam
286 2573 485 2664 tranquilla
502 2574 629 2648 mortis
645 2589 813 2651 eventus.
863 2574 990 2649 Nihilo
1009 2574 1125 2649 refert

55 2676 232 2771 integram
252 2675 351 2747 abire
370 2673 710 2767 corporisnavem,
736 2695 780 2751 an
800 2672 1015 2770 diffipatam,
1039 2673 1125 2749 dum

59 2776 184 2849 animae
197 2775 383 2873 navigatio
399 2784 598 2848 evertatur.

135 2896 157 2964 5
163 2898 194 2967 3.
221 2875 293 2948 Sed
310 2895 384 2967 quo
401 2873 531 2947 deinde
549 2873 666 2948 anima
678 2871 774 2948 nuda
789 2872 823 2948 dr
837 2870 984 2968 explosa
998 2872 1126 2947 dever-

59 2983 137 3065 tet,
166 2974 237 3047 sine
253 2976 365 3048 dubio
382 2970 639 3068 prosequemur
653 2996 699 3047 ex
716 2974 862 3047 ordine:
887 2976 984 3067 prius
1003 2984 1126 3048 tamen

60 3074 161 3167 quod
184 3072 234 3145 est
254 3076 326 3147 loci
346 3076 450 3165 hujus
472 3074 715 3168 explebimus,
741 3097 787 3148 ne
807 3074 888 3165 qrria
907 3074 1030 3148 varios
1051 3072 1126 3149 exi·

58 3186 120 3245 tus
139 3175 265 3245 mortis
283 3175 484 3266 ediximus,
511 3171 691 3268 exspeslct
711 3176 790 3266 quis
807 3176 948 3248 anobis
963 3175 1127 3247 rationes

60 3272 299 3365 singulorum,
324 3274 480 3347 Medicis
497 3276 619 3367 potius
634 3274 882 3365 relinquendas
898 3274 1054 3370 propriis
1073 3291 1127 3344 ar·

60 3371 167 3445 birris
182 3374 337 3445 omnium
353 3375 510 3446 letalium
527 3394 646 3445 rerum
660 3373 734 3447 srve
751 3371 963 3467 caussarum,
991 3373 1024 3444 dr
1040 3368 1127 3463 ipsa·

57 3491 141 3545 rum
164 3474 404 3567 corporalium
421 3472 685 3548 conditionum.
744 3473 852 3546 Plane
874 3473 919 3545 ad
943 3474 1127 3545 immorta-

58 3571 197 3645 litatem
219 3574 341 3645 anirnae
362 3574 420 3644 hic
441 3593 587 3663 quoque
603 3573 861 3669 protegendam
880 3573 918 3645 in
937 3571 1127 3646 mentione

58 3673 188 3746 mortis
205 3673 335 3764 aliquid
356 3672 401 3745 de
420 3671 594 3764 ejusmodi
613 3672 714 3745 exitu
729 3670 976 3763 interstruam,
996 3671 1127 3763 inquo

59 3773 229 3864 paulatim
247 3764 501 3845 ad'mirrutatim
516 3770 631 3843 anima
648 3771 833 3845 dilabitur:
854 3770 1015 3845 habitum
1030 3768 1127 3845 eninr

61 3866 232 3944 sustinens
252 3870 488 3962 delestionis,
525 3870 735 3961 abducitur,
767 3871 851 3943 dum
871 3867 1002 3943 absumi
1024 3868 1127 3946 vide·

60 3982 144 4057 tur,
167 3970 453 4062 &conjedluram
469 3968 609 4061 praestat
623 3970 789 4044 interitus
804 3971 848 4041 dc
864 3966 1023 4043 excelsus
1036 3982 1126 4045 tem·

57 4084 241 4165 peratum.
291 4068 393 4143 Tota
407 4086 526 4143 autem
541 4071 578 4141 in
597 4091 756 4161 corpore
776 4068 810 4141 dr
832 4092 876 4143 ex
902 4089 1060 4163 corpore
1076 4066 1129 4145 cst

60 4169 172 4245 ratio.
224 4168 321 4245 Nam
340 4168 499 4263 quisquis
520 4169 582 4245 ille
592 4172 724 4348 ἑκίιιιε
745 4171 896 4269 mortis,
920 4168 994 4247 fine
1014 4167 1126 4245 dubio

631 4288 699 4374 ος
1015 4282 1082 4345 aut
