<?xml version="1.0" encoding="UTF-8"?>
<!DOCTYPE html PUBLIC "-//W3C//DTD XHTML 1.0 Transitional//EN"
    "http://www.w3.org/TR/xhtml1/DTD/xhtml1-transitional.dtd">
<html xmlns="http://www.w3.org/1999/xhtml" xml:lang="en" lang="en">
 <head>
  <title>
</title>
<meta http-equiv="Content-Type" content="text/html;charset=utf-8" />
  <meta name='ocr-system' content='tesseract 3.04.00' />
  <meta name='ocr-capabilities' content='ocr_page ocr_carea ocr_par ocr_line ocrx_word'/>
</head>
<body>
  <div class='ocr_page' id='page_1' title='image "./operaomniasanct03librgoog_0073.png"; bbox 0 0 2400 4590; ppageno 0'>
   <div class='ocr_carea' id='block_1_1' title="bbox 71 586 957 713">
    <p class='ocr_par' dir='ltr' id='par_1_1' title="bbox 71 586 957 713">
     <span class='ocr_line' id='line_1_1' title="bbox 71 586 957 713; baseline -0.007 -22"><span class='ocrx_word' id='word_1_1' title='bbox 71 638 121 709; x_wconf 76' lang='lat'>50</span> <span class='ocrx_word' id='word_1_2' title='bbox 237 616 285 713; x_wconf 87' lang='lat' dir='ltr'>Q</span> <span class='ocrx_word' id='word_1_3' title='bbox 310 610 438 688; x_wconf 72' lang='lat' dir='ltr'>Snr‘r.</span> <span class='ocrx_word' id='word_1_4' title='bbox 464 608 597 687; x_wconf 78' lang='lat' dir='ltr'>Fnon.</span> <span class='ocrx_word' id='word_1_5' title='bbox 622 586 957 685; x_wconf 68' lang='lat' dir='ltr'>T‘mitnnm</span> 
     </span>
    </p>
   </div>
   <div class='ocr_carea' id='block_1_2' title="bbox 71 772 1057 4348">
    <p class='ocr_par' dir='ltr' id='par_1_2' title="bbox 71 772 1057 967">
     <span class='ocr_line' id='line_1_2' title="bbox 73 772 1057 883; baseline -0.006 -32"><span class='ocrx_word' id='word_1_6' title='bbox 73 776 126 851; x_wconf 90' lang='lat' dir='ltr'>set</span> <span class='ocrx_word' id='word_1_7' title='bbox 144 773 206 849; x_wconf 77' lang='lat' dir='ltr'>nisi</span> <span class='ocrx_word' id='word_1_8' title='bbox 222 772 368 847; x_wconf 86' lang='lat' dir='ltr'>Domini</span> <span class='ocrx_word' id='word_1_9' title='bbox 386 773 561 868; x_wconf 86' lang='lat' dir='ltr'>paffione,</span> <span class='ocrx_word' id='word_1_10' title='bbox 587 794 655 847; x_wconf 87' lang='lat' dir='ltr'>nec</span> <span class='ocrx_word' id='word_1_11' title='bbox 673 774 751 883; x_wconf 79' lang='lat' dir='ltr'>vita</span> <span class='ocrx_word' id='word_1_12' title='bbox 769 772 905 847; x_wconf 86' lang='lat' dir='ltr'>restitui</span> <span class='ocrx_word' id='word_1_13' title='bbox 923 772 996 847; x_wconf 78' lang='lat' dir='ltr'>sine</span> <span class='ocrx_word' id='word_1_14' title='bbox 1017 792 1057 845; x_wconf 90' lang='lat' dir='ltr'>re</span> 
     </span>
     <span class='ocr_line' id='line_1_3' title="bbox 71 873 840 967; baseline -0.013 -18"><span class='ocrx_word' id='word_1_15' title='bbox 71 873 362 967; x_wconf 68' lang='lat' dir='ltr'>restioneipsms</span> <span class='ocrx_word' id='word_1_16' title='bbox 834 916 840 929; x_wconf 83' lang='lat'><strong>·</strong></span> 
     </span>
    </p>

    <p class='ocr_par' dir='ltr' id='par_1_3' title="bbox 71 970 1057 3821">
     <span class='ocr_line' id='line_1_4' title="bbox 152 970 1057 1087; baseline -0.003 -41"><span class='ocrx_word' id='word_1_17' title='bbox 152 996 206 1047; x_wconf 82' lang='lat'>12</span> <span class='ocrx_word' id='word_1_18' title='bbox 227 976 348 1073; x_wconf 90' lang='lat' dir='ltr'>Quum</span> <span class='ocrx_word' id='word_1_19' title='bbox 364 994 457 1045; x_wconf 83' lang='lat' dir='ltr'>uero</span> <span class='ocrx_word' id='word_1_20' title='bbox 474 970 708 1066; x_wconf 76' lang='lat' dir='ltr'>prescribitur</span> <span class='ocrx_word' id='word_1_21' title='bbox 721 972 853 1045; x_wconf 83' lang='lat' dir='ltr'>nemim</span> <span class='ocrx_word' id='word_1_22' title='bbox 843 970 940 1045; x_wconf 86' lang='lat' dir='ltr'>fine</span> <span class='ocrx_word' id='word_1_23' title='bbox 952 974 1057 1087; x_wconf 84' lang='lat' dir='ltr'>bapti</span> 
     </span>
     <span class='ocr_line' id='line_1_5' title="bbox 73 1072 1052 1188; baseline -0.006 -41"><span class='ocrx_word' id='word_1_24' title='bbox 73 1088 283 1167; x_wconf 84' lang='lat' dir='ltr'>competere</span> <span class='ocrx_word' id='word_1_25' title='bbox 307 1072 471 1185; x_wconf 78' lang='lat' dir='ltr'>salutem,</span> <span class='ocrx_word' id='word_1_26' title='bbox 508 1094 553 1145; x_wconf 84' lang='lat' dir='ltr'>ex</span> <span class='ocrx_word' id='word_1_27' title='bbox 575 1072 634 1144; x_wconf 86' lang='lat' dir='ltr'>iila</span> <span class='ocrx_word' id='word_1_28' title='bbox 655 1072 807 1144; x_wconf 81' lang='lat' dir='ltr'><strong>maxime</strong></span> <span class='ocrx_word' id='word_1_29' title='bbox 832 1076 1052 1188; x_wconf 87' lang='lat' dir='ltr'>pronuntiati</span> 
     </span>
     <span class='ocr_line' id='line_1_6' title="bbox 73 1160 1052 1267; baseline -0.007 -20"><span class='ocrx_word' id='word_1_30' title='bbox 73 1173 247 1264; x_wconf 82' lang='lat' dir='ltr'><strong>Domini,</strong></span> <span class='ocrx_word' id='word_1_31' title='bbox 274 1172 332 1263; x_wconf 88' lang='lat' dir='ltr'>qui</span> <span class='ocrx_word' id='word_1_32' title='bbox 350 1172 414 1243; x_wconf 85' lang='lat' dir='ltr'>ait:</span> <span class='ocrx_word' id='word_1_33' title='bbox 442 1174 515 1263; x_wconf 72' lang='lat' dir='ltr'>Ntfi</span> <span class='ocrx_word' id='word_1_34' title='bbox 531 1188 627 1243; x_wconf 78' lang='lat' dir='ltr'>natus</span> <span class='ocrx_word' id='word_1_35' title='bbox 645 1198 685 1242; x_wconf 83' lang='lat' dir='ltr'>ex</span> <span class='ocrx_word' id='word_1_36' title='bbox 700 1197 781 1267; x_wconf 80' lang='lat' dir='ltr'>aqua</span> <span class='ocrx_word' id='word_1_37' title='bbox 796 1179 866 1267; x_wconf 84' lang='lat' dir='ltr'>quis</span> <span class='ocrx_word' id='word_1_38' title='bbox 881 1160 960 1257; x_wconf 85' lang='lat' dir='ltr'>erit,</span> <span class='ocrx_word' id='word_1_39' title='bbox 985 1198 1052 1241; x_wconf 81' lang='lat' dir='ltr'>mn</span> 
     </span>
     <span class='ocr_line' id='line_1_7' title="bbox 74 1268 1057 1363; baseline -0.004 -19"><span class='ocrx_word' id='word_1_40' title='bbox 74 1276 260 1356; x_wconf 78' lang='lat' dir='ltr'>hetonam,</span> <span class='ocrx_word' id='word_1_41' title='bbox 285 1268 513 1345; x_wconf 89' lang='lat' dir='ltr'>suboriuntur</span> <span class='ocrx_word' id='word_1_42' title='bbox 527 1270 739 1363; x_wconf 82' lang='lat' dir='ltr'>scrupulosi</span> <span class='ocrx_word' id='word_1_43' title='bbox 762 1271 870 1343; x_wconf 90' lang='lat' dir='ltr'>immo</span> <span class='ocrx_word' id='word_1_44' title='bbox 887 1272 1057 1343; x_wconf 82' lang='lat' dir='ltr'>temerarii</span> 
     </span>
     <span class='ocr_line' id='line_1_8' title="bbox 72 1370 1054 1463; baseline -0.002 -20"><span class='ocrx_word' id='word_1_45' title='bbox 72 1372 241 1445; x_wconf 67' lang='lat' dir='ltr'>cruciatus</span> <span class='ocrx_word' id='word_1_46' title='bbox 257 1372 499 1463; x_wconf 83' lang='lat' dir='ltr'>quorundam,</span> <span class='ocrx_word' id='word_1_47' title='bbox 522 1370 708 1461; x_wconf 90' lang='lat' dir='ltr'>quomodo</span> <span class='ocrx_word' id='word_1_48' title='bbox 723 1392 766 1442; x_wconf 84' lang='lat' dir='ltr'>ex</span> <span class='ocrx_word' id='word_1_49' title='bbox 784 1370 847 1441; x_wconf 87' lang='lat' dir='ltr'>ista</span> <span class='ocrx_word' id='word_1_50' title='bbox 866 1370 1054 1463; x_wconf 69' lang='lat' dir='ltr'>proscripti</span> 
     </span>
     <span class='ocr_line' id='line_1_9' title="bbox 71 1468 1056 1563; baseline -0.004 -18"><span class='ocrx_word' id='word_1_51' title='bbox 71 1470 260 1563; x_wconf 85' lang='lat' dir='ltr'>Apostolis</span> <span class='ocrx_word' id='word_1_52' title='bbox 284 1468 372 1541; x_wconf 87' lang='lat' dir='ltr'>salus</span> <span class='ocrx_word' id='word_1_53' title='bbox 398 1483 606 1563; x_wconf 80' lang='lat' dir='ltr'>competat,</span> <span class='ocrx_word' id='word_1_54' title='bbox 639 1492 730 1560; x_wconf 86' lang='lat' dir='ltr'>quos</span> <span class='ocrx_word' id='word_1_55' title='bbox 750 1468 880 1541; x_wconf 73' lang='lat' dir='ltr'>tinctos</span> <span class='ocrx_word' id='word_1_56' title='bbox 898 1491 972 1541; x_wconf 91' lang='lat' dir='ltr'>non</span> <span class='ocrx_word' id='word_1_57' title='bbox 994 1472 1056 1541; x_wconf 90' lang='lat' dir='ltr'>inv</span> 
     </span>
     <span class='ocr_line' id='line_1_10' title="bbox 72 1568 1056 1661; baseline -0.005 -17"><span class='ocrx_word' id='word_1_58' title='bbox 72 1592 150 1644; x_wconf 83' lang='lat' dir='ltr'>mus</span> <span class='ocrx_word' id='word_1_59' title='bbox 170 1570 205 1641; x_wconf 90' lang='lat' dir='ltr'>in</span> <span class='ocrx_word' id='word_1_60' title='bbox 218 1568 402 1659; x_wconf 72' lang='lat' dir='ltr'>Domino,</span> <span class='ocrx_word' id='word_1_61' title='bbox 429 1586 557 1661; x_wconf 76' lang='lat' dir='ltr'>prater</span> <span class='ocrx_word' id='word_1_62' title='bbox 576 1568 732 1642; x_wconf 86' lang='lat' dir='ltr'>Paulum.</span> <span class='ocrx_word' id='word_1_63' title='bbox 783 1568 898 1640; x_wconf 90' lang='lat' dir='ltr'>Immo</span> <span class='ocrx_word' id='word_1_64' title='bbox 919 1590 1026 1659; x_wconf 92' lang='lat' dir='ltr'>quum</span> <span class='ocrx_word' id='word_1_65' title='bbox 1044 1570 1056 1639; x_wconf 89' lang='lat' dir='ltr'>l</span> 
     </span>
     <span class='ocr_line' id='line_1_11' title="bbox 72 1666 1057 1761; baseline -0.003 -19"><span class='ocrx_word' id='word_1_66' title='bbox 72 1671 127 1742; x_wconf 83' lang='lat' dir='ltr'>lus</span> <span class='ocrx_word' id='word_1_67' title='bbox 143 1668 237 1741; x_wconf 85' lang='lat' dir='ltr'>solus</span> <span class='ocrx_word' id='word_1_68' title='bbox 253 1668 379 1741; x_wconf 84' lang='lat' dir='ltr'>exiliis</span> <span class='ocrx_word' id='word_1_69' title='bbox 395 1666 605 1761; x_wconf 82' lang='lat' dir='ltr'>baptismum</span> <span class='ocrx_word' id='word_1_70' title='bbox 616 1668 741 1739; x_wconf 81' lang='lat' dir='ltr'>Christi</span> <span class='ocrx_word' id='word_1_71' title='bbox 755 1668 924 1759; x_wconf 77' lang='lat' dir='ltr'>induerit,</span> <span class='ocrx_word' id='word_1_72' title='bbox 934 1684 995 1739; x_wconf 90' lang='lat' dir='ltr'>aut</span> <span class='ocrx_word' id='word_1_73' title='bbox 1007 1690 1057 1760; x_wconf 84' lang='lat' dir='ltr'>pn</span> 
     </span>
     <span class='ocr_line' id='line_1_12' title="bbox 73 1764 1057 1859; baseline -0.003 -19"><span class='ocrx_word' id='word_1_74' title='bbox 73 1770 228 1841; x_wconf 87' lang='lat' dir='ltr'>dicatum</span> <span class='ocrx_word' id='word_1_75' title='bbox 244 1764 313 1841; x_wconf 81' lang='lat' dir='ltr'>eise</span> <span class='ocrx_word' id='word_1_76' title='bbox 329 1766 373 1839; x_wconf 90' lang='lat' dir='ltr'>dc</span> <span class='ocrx_word' id='word_1_77' title='bbox 388 1786 592 1840; x_wconf 84' lang='lat' dir='ltr'>ceterorum</span> <span class='ocrx_word' id='word_1_78' title='bbox 606 1768 789 1859; x_wconf 77' lang='lat' dir='ltr'>periculo,</span> <span class='ocrx_word' id='word_1_79' title='bbox 808 1768 866 1855; x_wconf 87' lang='lat' dir='ltr'>qui</span> <span class='ocrx_word' id='word_1_80' title='bbox 885 1782 1028 1839; x_wconf 85' lang='lat' dir='ltr'>careant</span> <span class='ocrx_word' id='word_1_81' title='bbox 1042 1790 1057 1837; x_wconf 91' lang='lat' dir='ltr'>a</span> 
     </span>
     <span class='ocr_line' id='line_1_13' title="bbox 74 1864 1057 1961; baseline -0.004 -22"><span class='ocrx_word' id='word_1_82' title='bbox 74 1866 232 1959; x_wconf 77' lang='lat' dir='ltr'>Christi,</span> <span class='ocrx_word' id='word_1_83' title='bbox 262 1880 305 1939; x_wconf 92' lang='lat' dir='ltr'>ut</span> <span class='ocrx_word' id='word_1_84' title='bbox 328 1864 546 1961; x_wconf 80' lang='lat' dir='ltr'>praescriptio</span> <span class='ocrx_word' id='word_1_85' title='bbox 567 1866 662 1939; x_wconf 84' lang='lat' dir='ltr'>salva</span> <span class='ocrx_word' id='word_1_86' title='bbox 689 1866 749 1957; x_wconf 79' lang='lat' dir='ltr'>fit,</span> <span class='ocrx_word' id='word_1_87' title='bbox 787 1882 848 1937; x_wconf 88' lang='lat' dir='ltr'>aut</span> <span class='ocrx_word' id='word_1_88' title='bbox 871 1867 1018 1939; x_wconf 79' lang='lat' dir='ltr'>rescindi</span> <span class='ocrx_word' id='word_1_89' title='bbox 1045 1890 1057 1958; x_wconf 67' lang='grc' dir='ltr'>Χ</span> 
     </span>
     <span class='ocr_line' id='line_1_14' title="bbox 72 1963 1041 2059; baseline -0.006 -18"><span class='ocrx_word' id='word_1_90' title='bbox 72 1966 326 2059; x_wconf 77' lang='lat' dir='ltr'>scriptionem,</span> <span class='ocrx_word' id='word_1_91' title='bbox 365 1966 389 2038; x_wconf 90' lang='lat' dir='ltr'>s1</span> <span class='ocrx_word' id='word_1_92' title='bbox 418 1968 523 2039; x_wconf 90' lang='lat' dir='ltr'>etiam</span> <span class='ocrx_word' id='word_1_93' title='bbox 546 1986 622 2039; x_wconf 94' lang='lat' dir='ltr'>non</span> <span class='ocrx_word' id='word_1_94' title='bbox 651 1964 765 2037; x_wconf 66' lang='lat' dir='ltr'>tiociis</span> <span class='ocrx_word' id='word_1_95' title='bbox 796 1963 884 2037; x_wconf 87' lang='lat' dir='ltr'>salus</span> <span class='ocrx_word' id='word_1_96' title='bbox 912 1964 1041 2037; x_wconf 84' lang='lat' dir='ltr'>statuta</span> 
     </span>
     <span class='ocr_line' id='line_1_15' title="bbox 71 2060 1039 2178; baseline 0 -41"><span class='ocrx_word' id='word_1_97' title='bbox 71 2060 229 2157; x_wconf 75' lang='lat' dir='ltr'>Auiivi,</span> <span class='ocrx_word' id='word_1_98' title='bbox 260 2064 424 2137; x_wconf 92' lang='lat' dir='ltr'>Domino</span> <span class='ocrx_word' id='word_1_99' title='bbox 449 2066 538 2137; x_wconf 90' lang='lat' dir='ltr'>teste</span> <span class='ocrx_word' id='word_1_100' title='bbox 550 2065 791 2178; x_wconf 81' lang='lat' dir='ltr'>‚ejusmodi,</span> <span class='ocrx_word' id='word_1_101' title='bbox 822 2086 869 2137; x_wconf 90' lang='lat' dir='ltr'>ne</span> <span class='ocrx_word' id='word_1_102' title='bbox 889 2067 963 2155; x_wconf 90' lang='lat' dir='ltr'>quis</span> <span class='ocrx_word' id='word_1_103' title='bbox 981 2086 1039 2137; x_wconf 84' lang='lat' dir='ltr'>me</span> 
     </span>
     <span class='ocr_line' id='line_1_16' title="bbox 73 2162 1057 2277; baseline -0.001 -40"><span class='ocrx_word' id='word_1_104' title='bbox 73 2166 250 2277; x_wconf 86' lang='lat' dir='ltr'>perditum</span> <span class='ocrx_word' id='word_1_105' title='bbox 266 2164 461 2255; x_wconf 81' lang='lat' dir='ltr'>existimet,</span> <span class='ocrx_word' id='word_1_106' title='bbox 488 2179 530 2235; x_wconf 92' lang='lat' dir='ltr'>ut</span> <span class='ocrx_word' id='word_1_107' title='bbox 547 2166 645 2235; x_wconf 86' lang='lat' dir='ltr'>ultro</span> <span class='ocrx_word' id='word_1_108' title='bbox 668 2166 845 2259; x_wconf 74' lang='lat' dir='ltr'>exagitem</span> <span class='ocrx_word' id='word_1_109' title='bbox 868 2164 1013 2236; x_wconf 77' lang='lat' dir='ltr'>libidine</span> <span class='ocrx_word' id='word_1_110' title='bbox 1034 2162 1057 2235; x_wconf 89' lang='lat' dir='ltr'>ss</span> 
     </span>
     <span class='ocr_line' id='line_1_17' title="bbox 75 2218 1050 2355; baseline 0.001 -23"><span class='ocrx_word' id='word_1_111' title='bbox 75 2287 120 2353; x_wconf 77' lang='lat' dir='ltr'>qt.</span> <span class='ocrx_word' id='word_1_112' title='bbox 125 2288 152 2333; x_wconf 86' lang='grc' dir='ltr'>Χ·</span> <span class='ocrx_word' id='word_1_113' title='bbox 173 2264 247 2335; x_wconf 83' lang='lat' dir='ltr'>aliis</span> <span class='ocrx_word' id='word_1_114' title='bbox 265 2218 489 2355; x_wconf 80' lang='lat' dir='ltr'>scrupuluni</span> <span class='ocrx_word' id='word_1_115' title='bbox 481 2264 665 2336; x_wconf 77' lang='lat' dir='ltr'>incutiant</span> <span class='ocrx_word' id='word_1_116' title='bbox 718 2261 766 2334; x_wconf 79' lang='lat' dir='ltr'>Et</span> <span class='ocrx_word' id='word_1_117' title='bbox 784 2284 879 2336; x_wconf 89' lang='lat' dir='ltr'>nune</span> <span class='ocrx_word' id='word_1_118' title='bbox 893 2263 982 2355; x_wconf 78' lang='lat' dir='ltr'>inis,</span> <span class='ocrx_word' id='word_1_119' title='bbox 1009 2277 1050 2333; x_wconf 91' lang='lat' dir='ltr'>ut</span> 
     </span>
     <span class='ocr_line' id='line_1_18' title="bbox 73 2360 1057 2457; baseline 0 -24"><span class='ocrx_word' id='word_1_120' title='bbox 73 2374 178 2447; x_wconf 85' lang='lat' dir='ltr'>tero</span> <span class='ocrx_word' id='word_1_121' title='bbox 212 2360 468 2454; x_wconf 85' lang='lat' dir='ltr'>respondebo,</span> <span class='ocrx_word' id='word_1_122' title='bbox 500 2364 558 2453; x_wconf 91' lang='lat' dir='ltr'>qui</span> <span class='ocrx_word' id='word_1_123' title='bbox 591 2378 722 2457; x_wconf 88' lang='lat' dir='ltr'>negant</span> <span class='ocrx_word' id='word_1_124' title='bbox 756 2362 956 2455; x_wconf 87' lang='lat' dir='ltr'>Apostolos</span> <span class='ocrx_word' id='word_1_125' title='bbox 988 2361 1057 2433; x_wconf 73' lang='lat' dir='ltr'>tini</span> 
     </span>
     <span class='ocr_line' id='line_1_19' title="bbox 73 2460 1041 2556; baseline 0 -23"><span class='ocrx_word' id='word_1_126' title='bbox 73 2460 167 2533; x_wconf 77' lang='lat' dir='ltr'>Nutu</span> <span class='ocrx_word' id='word_1_127' title='bbox 183 2460 205 2531; x_wconf 81' lang='lat' dir='ltr'>st</span> <span class='ocrx_word' id='word_1_128' title='bbox 219 2464 407 2533; x_wconf 90' lang='lat' dir='ltr'>humanum</span> <span class='ocrx_word' id='word_1_129' title='bbox 425 2462 571 2553; x_wconf 78' lang='lat' dir='ltr'>¹loannis</span> <span class='ocrx_word' id='word_1_130' title='bbox 585 2461 818 2556; x_wconf 79' lang='lat' dir='ltr'>baptiiinum</span> <span class='ocrx_word' id='word_1_131' title='bbox 810 2464 981 2551; x_wconf 83' lang='lat' dir='ltr'>mierant,</span> <span class='ocrx_word' id='word_1_132' title='bbox 1008 2462 1041 2533; x_wconf 76' lang='grc' dir='ltr'>δι</span> 
     </span>
     <span class='ocr_line' id='line_1_20' title="bbox 72 2560 1057 2653; baseline -0.003 -19"><span class='ocrx_word' id='word_1_133' title='bbox 72 2560 241 2634; x_wconf 85' lang='lat' dir='ltr'>minicum</span> <span class='ocrx_word' id='word_1_134' title='bbox 256 2561 516 2653; x_wconf 78' lang='lat' dir='ltr'>defiderabaut,</span> <span class='ocrx_word' id='word_1_135' title='bbox 541 2576 714 2651; x_wconf 86' lang='lat' dir='ltr'>quatenus</span> <span class='ocrx_word' id='word_1_136' title='bbox 729 2582 837 2631; x_wconf 90' lang='lat' dir='ltr'>unum</span> <span class='ocrx_word' id='word_1_137' title='bbox 850 2562 1057 2652; x_wconf 83' lang='lat' dir='ltr'>baptismum</span> 
     </span>
     <span class='ocr_line' id='line_1_21' title="bbox 73 2658 1057 2753; baseline -0.006 -19"><span class='ocrx_word' id='word_1_138' title='bbox 73 2658 216 2734; x_wconf 85' lang='lat' dir='ltr'>finierat</span> <span class='ocrx_word' id='word_1_139' title='bbox 229 2658 515 2753; x_wconf 79' lang='lat' dir='ltr'>ipseDomintts‚</span> <span class='ocrx_word' id='word_1_140' title='bbox 536 2660 657 2732; x_wconf 89' lang='lat' dir='ltr'>dicens</span> <span class='ocrx_word' id='word_1_141' title='bbox 671 2658 781 2731; x_wconf 81' lang='lat' dir='ltr'>Petro</span> <span class='ocrx_word' id='word_1_142' title='bbox 797 2658 961 2753; x_wconf 89' lang='lat' dir='ltr'>perfundi</span> <span class='ocrx_word' id='word_1_143' title='bbox 974 2662 1057 2730; x_wconf 82' lang='lat' dir='ltr'>nole</span> 
     </span>
     <span class='ocr_line' id='line_1_22' title="bbox 72 2758 1056 2853; baseline -0.001 -27"><span class='ocrx_word' id='word_1_144' title='bbox 72 2764 144 2853; x_wconf 63' lang='lat' dir='ltr'>Qui</span> <span class='ocrx_word' id='word_1_145' title='bbox 157 2762 248 2849; x_wconf 72' lang='lat' dir='ltr'>semu</span> <span class='ocrx_word' id='word_1_146' title='bbox 263 2763 373 2845; x_wconf 79' lang='lat' dir='ltr'>lavit,</span> <span class='ocrx_word' id='word_1_147' title='bbox 399 2784 466 2831; x_wconf 82' lang='lat' dir='ltr'>non</span> <span class='ocrx_word' id='word_1_148' title='bbox 480 2762 573 2831; x_wconf 77' lang='lat' dir='ltr'>habet</span> <span class='ocrx_word' id='word_1_149' title='bbox 589 2758 699 2847; x_wconf 72' lang='lat' dir='ltr'>neteffe</span> <span class='ocrx_word' id='word_1_150' title='bbox 716 2762 862 2839; x_wconf 60' lang='lat' dir='ltr'>invainit:</span> <span class='ocrx_word' id='word_1_151' title='bbox 896 2758 993 2849; x_wconf 92' lang='lat' dir='ltr'>quod</span> <span class='ocrx_word' id='word_1_152' title='bbox 1006 2760 1056 2828; x_wconf 83' lang='lat' dir='ltr'>uti</span> 
     </span>
     <span class='ocr_line' id='line_1_23' title="bbox 74 2857 1055 2949; baseline -0.012 -16"><span class='ocrx_word' id='word_1_153' title='bbox 74 2882 151 2933; x_wconf 92' lang='lat' dir='ltr'>non</span> <span class='ocrx_word' id='word_1_154' title='bbox 172 2858 284 2931; x_wconf 71' lang='lat' dir='ltr'>tincto</span> <span class='ocrx_word' id='word_1_155' title='bbox 303 2880 378 2931; x_wconf 95' lang='lat' dir='ltr'>non</span> <span class='ocrx_word' id='word_1_156' title='bbox 398 2860 546 2932; x_wconf 88' lang='lat' dir='ltr'>omnino</span> <span class='ocrx_word' id='word_1_157' title='bbox 567 2858 725 2931; x_wconf 75' lang='lat' dir='ltr'>dixisset:</span> <span class='ocrx_word' id='word_1_158' title='bbox 752 2858 878 2931; x_wconf 86' lang='lat' dir='ltr'>&amp;haec</span> <span class='ocrx_word' id='word_1_159' title='bbox 897 2857 947 2931; x_wconf 89' lang='lat' dir='ltr'>est</span> <span class='ocrx_word' id='word_1_160' title='bbox 962 2859 1055 2949; x_wconf 79' lang='lat' dir='ltr'>prob</span> 
     </span>
     <span class='ocr_line' id='line_1_24' title="bbox 74 2956 1057 3053; baseline -0.004 -22"><span class='ocrx_word' id='word_1_161' title='bbox 74 2958 212 3031; x_wconf 81' lang='lat' dir='ltr'>exserta</span> <span class='ocrx_word' id='word_1_162' title='bbox 233 2958 397 3027; x_wconf 79' lang='lat' dir='ltr'>adversus</span> <span class='ocrx_word' id='word_1_163' title='bbox 423 2962 526 3049; x_wconf 80' lang='lat' dir='ltr'>illos,</span> <span class='ocrx_word' id='word_1_164' title='bbox 562 2959 620 3047; x_wconf 85' lang='lat' dir='ltr'>qui</span> <span class='ocrx_word' id='word_1_165' title='bbox 642 2959 801 3029; x_wconf 87' lang='lat' dir='ltr'>adimunt</span> <span class='ocrx_word' id='word_1_166' title='bbox 820 2956 1006 3053; x_wconf 88' lang='lat' dir='ltr'>Apostolis</span> <span class='ocrx_word' id='word_1_167' title='bbox 1026 2972 1057 3027; x_wconf 81' lang='lat' dir='ltr'>et</span> 
     </span>
     <span class='ocr_line' id='line_1_25' title="bbox 74 3053 1057 3151; baseline 0.002 -26"><span class='ocrx_word' id='word_1_168' title='bbox 74 3056 223 3151; x_wconf 70' lang='lat' dir='ltr'>joannis</span> <span class='ocrx_word' id='word_1_169' title='bbox 239 3053 467 3145; x_wconf 85' lang='lat' dir='ltr'>baptiiiuum,</span> <span class='ocrx_word' id='word_1_170' title='bbox 493 3070 536 3127; x_wconf 89' lang='lat' dir='ltr'>ut</span> <span class='ocrx_word' id='word_1_171' title='bbox 552 3055 731 3127; x_wconf 83' lang='lat' dir='ltr'>destruant</span> <span class='ocrx_word' id='word_1_172' title='bbox 749 3078 846 3147; x_wconf 74' lang='lat' dir='ltr'>aquae</span> <span class='ocrx_word' id='word_1_173' title='bbox 866 3054 1057 3128; x_wconf 70' lang='lat' dir='ltr'>sacrament</span> 
     </span>
     <span class='ocr_line' id='line_1_26' title="bbox 73 3152 1057 3248; baseline 0.002 -23"><span class='ocrx_word' id='word_1_174' title='bbox 73 3152 136 3225; x_wconf 84' lang='lat' dir='ltr'>An</span> <span class='ocrx_word' id='word_1_175' title='bbox 157 3152 325 3225; x_wconf 87' lang='lat' dir='ltr'>credibile</span> <span class='ocrx_word' id='word_1_176' title='bbox 343 3153 457 3227; x_wconf 82' lang='lat' dir='ltr'>videri</span> <span class='ocrx_word' id='word_1_177' title='bbox 473 3152 611 3248; x_wconf 84' lang='lat' dir='ltr'>potest,</span> <span class='ocrx_word' id='word_1_178' title='bbox 639 3156 675 3227; x_wconf 94' lang='lat' dir='ltr'>in</span> <span class='ocrx_word' id='word_1_179' title='bbox 692 3156 744 3226; x_wconf 87' lang='lat' dir='ltr'>his</span> <span class='ocrx_word' id='word_1_180' title='bbox 763 3154 920 3247; x_wconf 83' lang='lat' dir='ltr'>personis</span> <span class='ocrx_word' id='word_1_181' title='bbox 937 3161 1030 3227; x_wconf 84' lang='lat' dir='ltr'>vium</span> <span class='ocrx_word' id='word_1_182' title='bbox 1046 3173 1057 3227; x_wconf 95' lang='lat' dir='ltr'>t</span> 
     </span>
     <span class='ocr_line' id='line_1_27' title="bbox 72 3252 1057 3349; baseline 0.002 -24"><span class='ocrx_word' id='word_1_183' title='bbox 72 3252 222 3325; x_wconf 87' lang='lat' dir='ltr'>Domini</span> <span class='ocrx_word' id='word_1_184' title='bbox 237 3274 313 3323; x_wconf 94' lang='lat' dir='ltr'>non</span> <span class='ocrx_word' id='word_1_185' title='bbox 332 3268 586 3346; x_wconf 66' lang='lat' dir='ltr'>praeparatam,</span> <span class='ocrx_word' id='word_1_186' title='bbox 618 3254 653 3325; x_wconf 92' lang='lat' dir='ltr'>id</span> <span class='ocrx_word' id='word_1_187' title='bbox 672 3254 722 3326; x_wconf 88' lang='lat' dir='ltr'>est</span> <span class='ocrx_word' id='word_1_188' title='bbox 740 3254 949 3345; x_wconf 84' lang='lat' dir='ltr'>baptismum</span> <span class='ocrx_word' id='word_1_189' title='bbox 967 3256 1057 3349; x_wconf 88' lang='lat' dir='ltr'>Joan</span> 
     </span>
     <span class='ocr_line' id='line_1_28' title="bbox 76 3352 1057 3447; baseline -0.006 -22"><span class='ocrx_word' id='word_1_190' title='bbox 76 3374 154 3445; x_wconf 67' lang='lat' dir='ltr'>quat</span> <span class='ocrx_word' id='word_1_191' title='bbox 178 3352 221 3423; x_wconf 91' lang='lat' dir='ltr'>ad</span> <span class='ocrx_word' id='word_1_192' title='bbox 246 3352 340 3421; x_wconf 87' lang='lat' dir='ltr'>viam</span> <span class='ocrx_word' id='word_1_193' title='bbox 364 3354 513 3426; x_wconf 88' lang='lat' dir='ltr'>Domini</span> <span class='ocrx_word' id='word_1_194' title='bbox 535 3373 600 3447; x_wconf 86' lang='lat' dir='ltr'>per</span> <span class='ocrx_word' id='word_1_195' title='bbox 624 3368 741 3425; x_wconf 91' lang='lat' dir='ltr'>totum</span> <span class='ocrx_word' id='word_1_196' title='bbox 764 3355 887 3426; x_wconf 87' lang='lat' dir='ltr'>orbem</span> <span class='ocrx_word' id='word_1_197' title='bbox 908 3356 1057 3446; x_wconf 58' lang='lat' dir='ltr'>aperient</span> 
     </span>
     <span class='ocr_line' id='line_1_29' title="bbox 76 3450 1057 3545; baseline 0 -20"><span class='ocrx_word' id='word_1_198' title='bbox 76 3450 362 3538; x_wconf 77' lang='lat' dir='ltr'>destinabantur?</span> <span class='ocrx_word' id='word_1_199' title='bbox 397 3450 474 3542; x_wconf 87' lang='lat' dir='ltr'>ipse</span> <span class='ocrx_word' id='word_1_200' title='bbox 495 3452 672 3525; x_wconf 81' lang='lat' dir='ltr'>Dominus</span> <span class='ocrx_word' id='word_1_201' title='bbox 695 3454 824 3525; x_wconf 86' lang='lat' dir='ltr'>nullius</span> <span class='ocrx_word' id='word_1_202' title='bbox 840 3456 1057 3545; x_wconf 75' lang='lat' dir='ltr'>ponitentiae</span> 
     </span>
     <span class='ocr_line' id='line_1_30' title="bbox 73 3548 1057 3666; baseline 0.001 -42"><span class='ocrx_word' id='word_1_203' title='bbox 73 3552 176 3624; x_wconf 81' lang='lat' dir='ltr'>bitot·</span> <span class='ocrx_word' id='word_1_204' title='bbox 201 3548 329 3623; x_wconf 72' lang='lat' dir='ltr'>tinctus</span> <span class='ocrx_word' id='word_1_205' title='bbox 355 3550 432 3641; x_wconf 80' lang='lat' dir='ltr'>est,</span> <span class='ocrx_word' id='word_1_206' title='bbox 472 3554 724 3666; x_wconf 80' lang='lat' dir='ltr'>peccatoribus</span> <span class='ocrx_word' id='word_1_207' title='bbox 756 3574 832 3625; x_wconf 92' lang='lat' dir='ltr'>non</span> <span class='ocrx_word' id='word_1_208' title='bbox 865 3552 933 3625; x_wconf 90' lang='lat' dir='ltr'>fuit</span> <span class='ocrx_word' id='word_1_209' title='bbox 965 3575 1057 3625; x_wconf 88' lang='lat' dir='ltr'>nece</span> 
     </span>
     <span class='ocr_line' id='line_1_31' title="bbox 75 3648 1057 3821; baseline 0.005 -101"><span class='ocrx_word' id='word_1_210' title='bbox 75 3652 202 3821; x_wconf 52' lang='lat' dir='ltr'>{und</span> <span class='ocrx_word' id='word_1_211' title='bbox 198 3648 314 3747; x_wconf 76' lang='lat' dir='ltr'>ergo?</span> <span class='ocrx_word' id='word_1_212' title='bbox 340 3650 395 3719; x_wconf 90' lang='lat' dir='ltr'>alii</span> <span class='ocrx_word' id='word_1_213' title='bbox 413 3648 510 3721; x_wconf 78' lang='lat' dir='ltr'>tincti</span> <span class='ocrx_word' id='word_1_214' title='bbox 528 3672 603 3722; x_wconf 94' lang='lat' dir='ltr'>non</span> <span class='ocrx_word' id='word_1_215' title='bbox 622 3648 728 3723; x_wconf 77' lang='lat' dir='ltr'>sunt?</span> <span class='ocrx_word' id='word_1_216' title='bbox 753 3664 961 3723; x_wconf 88' lang='lat' dir='ltr'>nontamen</span> <span class='ocrx_word' id='word_1_217' title='bbox 980 3674 1057 3725; x_wconf 88' lang='lat' dir='ltr'>con</span> 
     </span>
    </p>

    <p class='ocr_par' dir='ltr' id='par_1_4' title="bbox 73 3746 1057 4348">
     <span class='ocr_line' id='line_1_32' title="bbox 109 3746 1057 3846; baseline 0 -25"><span class='ocrx_word' id='word_1_218' title='bbox 109 3750 231 3838; x_wconf 79' lang='lat' dir='ltr'>misti</span> <span class='ocrx_word' id='word_1_219' title='bbox 266 3748 322 3821; x_wconf 89' lang='lat' dir='ltr'>sed</span> <span class='ocrx_word' id='word_1_220' title='bbox 342 3749 455 3820; x_wconf 73' lang='lat' dir='ltr'>a’tnuli</span> <span class='ocrx_word' id='word_1_221' title='bbox 479 3746 584 3841; x_wconf 81' lang='lat' dir='ltr'>fidei,</span> <span class='ocrx_word' id='word_1_222' title='bbox 618 3752 704 3846; x_wconf 80' lang='lat' dir='ltr'>legis</span> <span class='ocrx_word' id='word_1_223' title='bbox 726 3750 1057 3823; x_wconf 72' lang='lat' dir='ltr'>dociotes&amp;Phar</span> 
     </span>
     <span class='ocr_line' id='line_1_33' title="bbox 73 3845 1051 3944; baseline 0.004 -25"><span class='ocrx_word' id='word_1_224' title='bbox 73 3848 183 3919; x_wconf 89' lang='lat' dir='ltr'>Unde</span> <span class='ocrx_word' id='word_1_225' title='bbox 209 3845 479 3944; x_wconf 58' lang='grc' dir='ltr'>ἂΧιιςςΧΧΧῑΧΧΧ,</span> <span class='ocrx_word' id='word_1_226' title='bbox 513 3870 620 3939; x_wconf 90' lang='lat' dir='ltr'>quum</span> <span class='ocrx_word' id='word_1_227' title='bbox 643 3850 868 3923; x_wconf 74' lang='lat' dir='ltr'>acuersantes</span> <span class='ocrx_word' id='word_1_228' title='bbox 885 3850 1051 3923; x_wconf 90' lang='lat' dir='ltr'>Domino</span> 
     </span>
     <span class='ocr_line' id='line_1_34' title="bbox 75 3946 1035 4043; baseline 0.003 -26"><span class='ocrx_word' id='word_1_229' title='bbox 75 3948 135 4041; x_wconf 83' lang='lat' dir='ltr'>gui</span> <span class='ocrx_word' id='word_1_230' title='bbox 157 3946 359 4041; x_wconf 82' lang='lat' dir='ltr'>noluerint,</span> <span class='ocrx_word' id='word_1_231' title='bbox 392 3970 455 4019; x_wconf 83' lang='lat' dir='ltr'>eos</span> <span class='ocrx_word' id='word_1_232' title='bbox 481 3950 541 4038; x_wconf 86' lang='lat' dir='ltr'>qui</span> <span class='ocrx_word' id='word_1_233' title='bbox 561 3948 757 4021; x_wconf 90' lang='lat' dir='ltr'>Dominum</span> <span class='ocrx_word' id='word_1_234' title='bbox 779 3948 1035 4043; x_wconf 80' lang='lat' dir='ltr'>sequebantur,</span> 
     </span>
     <span class='ocr_line' id='line_1_35' title="bbox 76 4044 1057 4144; baseline 0.002 -25"><span class='ocrx_word' id='word_1_235' title='bbox 76 4046 153 4119; x_wconf 65' lang='lat' dir='ltr'>ctos</span> <span class='ocrx_word' id='word_1_236' title='bbox 180 4044 303 4137; x_wconf 76' lang='lat' dir='ltr'>fuiti‘e,</span> <span class='ocrx_word' id='word_1_237' title='bbox 335 4068 403 4119; x_wconf 91' lang='lat' dir='ltr'>nec</span> <span class='ocrx_word' id='word_1_238' title='bbox 432 4068 511 4120; x_wconf 92' lang='lat' dir='ltr'>cum</span> <span class='ocrx_word' id='word_1_239' title='bbox 537 4049 667 4121; x_wconf 83' lang='lat' dir='ltr'>aemulis</span> <span class='ocrx_word' id='word_1_240' title='bbox 688 4047 755 4119; x_wconf 91' lang='lat' dir='ltr'>suis</span> <span class='ocrx_word' id='word_1_241' title='bbox 778 4048 945 4144; x_wconf 79' lang='lat' dir='ltr'>sapuiffe,</span> <span class='ocrx_word' id='word_1_242' title='bbox 980 4072 1057 4124; x_wconf 76' lang='lat' dir='ltr'>man</span> 
     </span>
     <span class='ocr_line' id='line_1_36' title="bbox 77 4144 1057 4243; baseline 0 -26"><span class='ocrx_word' id='word_1_243' title='bbox 77 4148 218 4237; x_wconf 90' lang='lat' dir='ltr'>quando</span> <span class='ocrx_word' id='word_1_244' title='bbox 245 4144 420 4217; x_wconf 84' lang='lat' dir='ltr'>Dominus</span> <span class='ocrx_word' id='word_1_245' title='bbox 444 4147 501 4218; x_wconf 93' lang='lat' dir='ltr'>cui</span> <span class='ocrx_word' id='word_1_246' title='bbox 522 4148 767 4239; x_wconf 74' lang='lat' dir='ltr'>adherebant,</span> <span class='ocrx_word' id='word_1_247' title='bbox 802 4150 1008 4224; x_wconf 87' lang='lat' dir='ltr'>testimonio</span> <span class='ocrx_word' id='word_1_248' title='bbox 1028 4150 1057 4243; x_wconf 68' lang='lat' dir='ltr'>Ji</span> 
     </span>
     <span class='ocr_line' id='line_1_37' title="bbox 74 4240 1057 4348; baseline -0.004 -27"><span class='ocrx_word' id='word_1_249' title='bbox 74 4240 369 4339; x_wconf 78' lang='lat' dir='ltr'>nemextutnl&#39;et,</span> <span class='ocrx_word' id='word_1_250' title='bbox 395 4250 515 4341; x_wconf 72' lang='lat' dir='ltr'>tuma,</span> <span class='ocrx_word' id='word_1_251' title='bbox 540 4248 682 4343; x_wconf 75' lang='lat' dir='ltr'>dicem,</span> <span class='ocrx_word' id='word_1_252' title='bbox 707 4256 808 4348; x_wconf 81' lang='lat' dir='ltr'>major</span> <span class='ocrx_word' id='word_1_253' title='bbox 825 4258 915 4325; x_wconf 81' lang='lat' dir='ltr'>inter</span> <span class='ocrx_word' id='word_1_254' title='bbox 929 4254 1057 4341; x_wconf 73' lang='lat' dir='ltr'>acatos]</span> 
     </span>
    </p>
   </div>
   <div class='ocr_carea' id='block_1_3' title="bbox 968 4374 1057 4426">
    <p class='ocr_par' dir='ltr' id='par_1_5' title="bbox 968 4374 1057 4426">
     <span class='ocr_line' id='line_1_38' title="bbox 968 4374 1057 4426; baseline -0.045 0"><span class='ocrx_word' id='word_1_255' title='bbox 968 4374 1057 4426; x_wconf 66' lang='lat' dir='ltr'>mm</span> 
     </span>
    </p>
   </div>
   <div class='ocr_carea' id='block_1_4' title="bbox 0 0 1207 4590">
    <p class='ocr_par' dir='ltr' id='par_1_6' title="bbox 0 0 1207 4590">
     <span class='ocr_line' id='line_1_39' title="bbox 0 0 1207 4590; baseline 0 0"><span class='ocrx_word' id='word_1_256' title='bbox 0 0 1207 4590; x_wconf 95' lang='lat' dir='ltr'> </span> 
     </span>
    </p>
   </div>
  </div>
 </body>
</html>
