2468 4530
95 490 172 567 660
235 488 288 587 Q.
313 482 450 559 Sara.
475 478 620 557 Fuoa.
645 478 1023 561 Tanruttrnrrr

97 646 218 727 bane.
269 644 386 737 Nam,
412 648 471 737 qui
487 646 527 717 irs
542 646 635 719 illam
652 656 740 715 tunc
758 644 996 738 respiciebat,
1024 636 1160 719 amorsu'

98 747 317 841 serpentium
335 746 562 818 liberabatur.
613 741 694 839 Age
718 764 841 837 nune,
873 744 901 817 sr
923 745 1038 841 legisti
1060 766 1158 839 penes

98 850 317 945 prophetam
334 846 370 917 in
388 842 547 937 psalmis,
578 848 736 915 Dominus
761 850 919 936 regnavit
937 874 960 917 a
981 848 1086 941 ligno,
1110 864 1158 917 ex·

98 946 210 1045 petio
228 944 312 1037 quid
329 944 526 1039 intelligas,
552 964 599 1015 ne
619 942 717 1015 sorte
733 942 924 1039 lignarium
946 946 1097 1038 aliquem
1114 966 1160 1017 re·

102 1070 185 1145 gem
199 1040 384 1141 significari
401 1044 557 1135 putetis,
584 1043 709 1115 &non
730 1042 935 1135 Christum,
964 1049 1026 1137 qui
1046 1042 1161 1119 exinde

103 1144 295 1239 apaurone
317 1146 434 1215 crucis
456 1141 617 1235 superata
637 1156 757 1215 morte
773 1145 959 1239 regnavit.
1021 1142 1159 1218 Proinde

103 1246 139 1317 &
156 1242 291 1319 Eluas:
324 1244 487 1335 Quoniam
507 1264 609 1339 pm,
635 1243 775 1333 inquit,
801 1262 905 1311 ruerus
931 1244 975 1341 efl
1001 1242 1158 1327 nolam&

102 1352 199 1416 datus
213 1342 252 1515 ³AE
265 1344 466 1433 nelrsfilius.
522 1341 619 1441 Quid
632 1362 793 1433 novum,
812 1342 932 1414 sinon
949 1344 998 1415 de
1013 1342 1089 1417 silio
1101 1342 1160 1415 Dei

103 1444 193 1517 dicit
271 1456 377 1513 natus
400 1440 450 1515 est
470 1444 600 1531 nobis,
635 1442 733 1532 cujus
754 1442 945 1533 imperium
966 1445 1104 1517 initium
1120 1442 1137 1515 s
1148 1482 1159 1497 ·

104 1542 200 1615 &arm
216 1538 383 1633 estsuper
399 1544 583 1617 humerum
598 1538 728 1633 ipsrus‘i
755 1542 846 1641 Quis
863 1544 1026 1616 omnino
1039 1562 1156 1638 regum,

103 1642 240 1735 inligne
264 1638 451 1733 potestatis
479 1638 545 1713 suae
567 1642 717 1712 humero
744 1640 913 1730 praefert,
948 1640 986 1714 dr
1014 1664 1088 1715 non
1109 1652 1156 1711 aut

105 1744 226 1833 capite
244 1740 433 1832 diadema,
468 1754 530 1811 aut
549 1742 583 1811 in
602 1758 709 1811 manu
729 1735 940 1831 sceptrum,
977 1756 1041 1813 aut
1063 1744 1157 1833 aliqu

103 1841 330 1935 proprietate
352 1838 432 1911 usus
453 1838 578 1911 nova?
609 1836 668 1910 sed
687 1836 781 1909 solus
803 1860 928 1909 novus
953 1860 1022 1913 rex
1043 1840 1157 1915 seculo

96 1960 207 2031 sum,
238 1936 395 2011 Christus
410 1937 507 2033 Jesus
530 1959 663 2009 novam
682 1938 832 2033 gloriam
850 1938 886 2009 dt
902 1936 1157 2033 potestatem&

103 2038 356 2113 sublimitatem
378 2036 472 2111 suam
496 2038 532 2108 in
552 2038 702 2109 humero
727 2038 880 2129 extulit,
915 2058 1067 2115 crucem
1087 2038 1157 2112 scili

105 2154 187 2229 cet,
213 2152 255 2206 ut
275 2136 464 2208 secundum
486 2138 642 2226 priorem
666 2136 894 2227 prophetiam
912 2140 1050 2213 exinde
1065 2139 1156 2211 domi

103 2257 173 2311 nus
190 2251 356 2329 regnaret
372 2236 513 2329 aligno.
559 2234 618 2307 De
635 2236 709 2306 hoc
723 2236 816 2307 enim
830 2237 932 2331 ligno
949 2240 1060 2313 etiam
1076 2238 1155 2311 neus

103 2334 256 2411 insinuat
279 2355 342 2428 per
363 2334 579 2406 Hieremiam
604 2335 701 2425 quod
725 2333 840 2407 olietis
861 2336 1016 2410 didluri:
1048 2344 1153 2421 Venire,

104 2452 272 2507 narremus
286 2460 322 2503 m
331 2458 443 2532 ponem
457 2440 522 2530 ejas
534 2436 678 2528 lignum,
704 2440 742 2509 U
759 2457 958 2505 cantaremus
975 2464 1044 2507 eum
1058 2468 1077 2509 a
1089 2458 1155 2507 terre

106 2541 277 2617 vivorum,
298 2538 336 2609 U
351 2560 462 2605 namen
480 2538 564 2603 illas
578 2560 645 2603 mm
660 2534 879 2603 marnamh‘rur
891 2539 1046 2631 amplius.
1095 2536 1155 2609 Uti·

110 2656 181 2728 que
196 2637 232 2708 in
248 2654 379 2729 corpus
393 2636 469 2727 ejus
484 2637 613 2729 lignum
627 2632 760 2706 millum
776 2631 837 2707 est.
890 2634 952 2706 Sic
967 2638 1063 2711 enim
1076 2635 1155 2709 Chri·

108 2736 182 2809 stus
198 2737 403 2827 revelavit,
430 2756 557 2827 panem
574 2754 704 2825 corpus
721 2731 818 2805 suum
837 2738 1049 2831 appellans,
1076 2738 1156 2828 cuju

108 2840 212 2906 ret'ro
236 2852 369 2924 eorpus
392 2834 426 2905 in
444 2854 570 2924 panem
588 2834 782 2925 prophetes
806 2836 1011 2909 nunciavit
1061 2836 1095 2909 s:
1114 2832 1158 2905 ad·

107 2934 181 3008 huc
197 2952 330 3025 quaeres
349 2932 535 3003 dominica:
553 2934 667 3003 crucis
681 2932 977 3027 praedicationes,
1005 2933 1086 3009 satis
1100 2936 1157 3027 jau

107 3034 248 3127 poterit
262 3032 326 3103 tibi
346 3031 464 3103 facere
479 3032 558 3101 XXl
573 3030 741 3124 psalmus,
768 3045 885 3103 totam
906 3030 1040 3107 Christi
1059 3032 1158 3106 conti·

109 3152 201 3205 nens
214 3130 424 3224 pasionem,
450 3132 608 3201 canentis
622 3131 692 3222 jam
707 3146 794 3201 tunc
808 3132 963 3224 gloriam
977 3132 1094 3225 suam,
1115 3134 1157 3203 ll

109 3236 248 3315 derum,
275 3230 408 3321 inquit,
435 3256 542 3298 marna..
568 3256 645 3299 mem
667 3238 705 3305 <a
721 3234 826 3323 pedes:
859 3251 939 3321 quae
956 3238 1105 3327 propria
1120 3227 1157 3303 el

110 3332 283 3402 atrocitas
306 3333 432 3402 crucia.
487 3328 534 3399 Et
554 3327 670 3401 rursus
689 3350 767 3401 cum
790 3330 961 3404 arlxilium
985 3334 1095 3426 patris
1111 3334 1157 3403 im·

109 3430 289 3523 ploraret:
318 3430 452 3499 Salvum
474 3428 609 3519 mefac,
641 3430 775 3520 inquit,
812 3454 850 3498 ex
873 3455 925 3498 ore
947 3433 1076 3517 leonis,
1104 3428 1158 3502 uti*

111 3548 182 3618 que
206 3529 358 3618 mortis,
400 3527 433 3599 &
453 3532 487 3597 de
512 3530 656 3596 canadas
683 3536 928 3599 surieuraunrum
953 3532 1158 3601 hunrrlinrea

111 3654 209 3696 mern
273 3627 333 3699 De
348 3629 503 3718 apicibus
519 3626 654 3699 scilicet
677 3630 814 3713 citreis,
838 3627 1002 3721 utsupra
1021 3626 1157 3704 ostendi·

111 3746 215 3818 mus,
248 3748 352 3817 quam
373 3747 514 3799 crucem
535 3748 604 3799 nec
620 3725 692 3819 ipse
712 3728 833 3799 David
858 3726 976 3822 passus
997 3730 1071 3823 est,
1101 3744 1156 3801 net

110 3827 204 3896 ullus
229 3846 350 3919 regum
372 3827 602 3920 Judaeorum3
629 3849 675 3898 ne
694 3828 828 3919 putetis
848 3829 998 3901 alterius
1019 3830 1156 3925 prophe

64 3932 70 3961 ¹
111 3924 178 3993 tari
199 3925 409 4014 passionem,
439 3948 542 4016 quam
565 3928 660 4018 eiua,
694 3926 753 4017 qui
777 3924 872 3998 solus
896 3932 1076 4025 apopulo
1097 3944 1155 3998 tan

108 4022 219 4116 insign
236 4037 289 4091 ter
314 4021 502 4097 crucifixus
526 4024 587 4099 est„
637 4024 773 4117 Nunc,
798 4026 820 4097 s1
846 4047 975 4101 omnes
1000 4033 1154 4119 interpre

107 4119 269 4197 tationes
288 4120 369 4197 istas
392 4122 565 4217 respuerit
586 4122 791 4203 &inriserit
813 4124 946 4201 duritia
965 4130 1082 4203 cordis
1102 4144 1152 4195 ve·

1043 4222 1114 4325 stri,
