<?xml version="1.0" encoding="UTF-8"?>
<!DOCTYPE html PUBLIC "-//W3C//DTD XHTML 1.0 Transitional//EN"
    "http://www.w3.org/TR/xhtml1/DTD/xhtml1-transitional.dtd">
<html xmlns="http://www.w3.org/1999/xhtml" xml:lang="en" lang="en">
 <head>
  <title>
</title>
<meta http-equiv="Content-Type" content="text/html;charset=utf-8" />
  <meta name='ocr-system' content='tesseract 3.04.00' />
  <meta name='ocr-capabilities' content='ocr_page ocr_carea ocr_par ocr_line ocrx_word'/>
</head>
<body>
  <div class='ocr_page' id='page_1' title='image "./operaomniasanct03librgoog_0105.png"; bbox 0 0 2400 4590; ppageno 0'>
   <div class='ocr_carea' id='block_1_1' title="bbox 142 518 1045 625">
    <p class='ocr_par' dir='ltr' id='par_1_1' title="bbox 142 518 1045 625">
     <span class='ocr_line' id='line_1_1' title="bbox 142 518 1045 625; baseline -0.002 -24"><span class='ocrx_word' id='word_1_1' title='bbox 142 533 189 611; x_wconf 72' lang='lat' dir='ltr'>za</span> <span class='ocrx_word' id='word_1_2' title='bbox 287 518 1045 625; x_wconf 76' lang='lat' dir='ltr'>Q.Sitrr.Fron.Tanrutr1au1</span> 
     </span>
    </p>
   </div>
   <div class='ocr_carea' id='block_1_2' title="bbox 41 647 1199 4361">
    <p class='ocr_par' dir='ltr' id='par_1_2' title="bbox 41 647 1199 4361">
     <span class='ocr_line' id='line_1_2' title="bbox 139 647 1198 789; baseline -0.005 -24"><span class='ocrx_word' id='word_1_3' title='bbox 139 690 249 782; x_wconf 88' lang='lat' dir='ltr'>nique</span> <span class='ocrx_word' id='word_1_4' title='bbox 260 686 450 763; x_wconf 84' lang='lat' dir='ltr'>interemit</span> <span class='ocrx_word' id='word_1_5' title='bbox 503 685 593 761; x_wconf 88' lang='lat' dir='ltr'>Cum</span> <span class='ocrx_word' id='word_1_6' title='bbox 609 704 696 783; x_wconf 84' lang='lat' dir='ltr'>ergo</span> <span class='ocrx_word' id='word_1_7' title='bbox 708 708 776 759; x_wconf 88' lang='lat' dir='ltr'>nec</span> <span class='ocrx_word' id='word_1_8' title='bbox 794 686 960 759; x_wconf 87' lang='lat' dir='ltr'>occidere</span> <span class='ocrx_word' id='word_1_9' title='bbox 974 686 1116 779; x_wconf 91' lang='lat' dir='ltr'>potuit,</span> <span class='ocrx_word' id='word_1_10' title='bbox 1131 647 1198 789; x_wconf 66' lang='lat' dir='ltr'>nisa</span> 
     </span>
     <span class='ocr_line' id='line_1_3' title="bbox 140 784 1198 882; baseline 0 -21"><span class='ocrx_word' id='word_1_11' title='bbox 140 788 270 861; x_wconf 87' lang='lat' dir='ltr'>iratus:</span> <span class='ocrx_word' id='word_1_12' title='bbox 305 808 374 860; x_wconf 92' lang='lat' dir='ltr'>nec</span> <span class='ocrx_word' id='word_1_13' title='bbox 393 784 512 882; x_wconf 85' lang='lat' dir='ltr'>irasci,</span> <span class='ocrx_word' id='word_1_14' title='bbox 535 786 598 861; x_wconf 91' lang='lat' dir='ltr'>nisr</span> <span class='ocrx_word' id='word_1_15' title='bbox 621 786 831 879; x_wconf 85' lang='lat' dir='ltr'><strong>impatiens,</strong></span> <span class='ocrx_word' id='word_1_16' title='bbox 858 785 1074 858; x_wconf 89' lang='lat' dir='ltr'>demonstrat</span> <span class='ocrx_word' id='word_1_17' title='bbox 1097 788 1198 879; x_wconf 78' lang='lat' dir='ltr'>quod</span> 
     </span>
     <span class='ocr_line' id='line_1_4' title="bbox 125 873 1198 983; baseline 0.001 -22"><span class='ocrx_word' id='word_1_18' title='bbox 125 906 207 983; x_wconf 78' lang='lat' dir='ltr'>¹per</span> <span class='ocrx_word' id='word_1_19' title='bbox 221 886 309 960; x_wconf 90' lang='lat' dir='ltr'>iram</span> <span class='ocrx_word' id='word_1_20' title='bbox 322 888 418 983; x_wconf 84' lang='lat' dir='ltr'>geffit</span> <span class='ocrx_word' id='word_1_21' title='bbox 431 888 474 959; x_wconf 91' lang='lat' dir='ltr'>ad</span> <span class='ocrx_word' id='word_1_22' title='bbox 491 910 569 960; x_wconf 89' lang='lat' dir='ltr'>earn</span> <span class='ocrx_word' id='word_1_23' title='bbox 581 886 826 979; x_wconf 88' lang='lat' dir='ltr'>referendum,</span> <span class='ocrx_word' id='word_1_24' title='bbox 854 908 873 957; x_wconf 87' lang='lat' dir='ltr'>a</span> <span class='ocrx_word' id='word_1_25' title='bbox 890 905 959 977; x_wconf 89' lang='lat' dir='ltr'>qua</span> <span class='ocrx_word' id='word_1_26' title='bbox 975 886 1026 957; x_wconf 89' lang='lat' dir='ltr'>ira</span> <span class='ocrx_word' id='word_1_27' title='bbox 1039 873 1198 981; x_wconf 81' lang='lat' dir='ltr'>suggesta</span> 
     </span>
     <span class='ocr_line' id='line_1_5' title="bbox 141 984 1199 1080; baseline -0.001 -20"><span class='ocrx_word' id='word_1_28' title='bbox 141 986 203 1061; x_wconf 89' lang='lat' dir='ltr'>est.</span> <span class='ocrx_word' id='word_1_29' title='bbox 254 984 342 1059; x_wconf 83' lang='lat' dir='ltr'>Haec</span> <span class='ocrx_word' id='word_1_30' title='bbox 362 988 502 1077; x_wconf 86' lang='lat' dir='ltr'>quidem</span> <span class='ocrx_word' id='word_1_31' title='bbox 519 986 745 1080; x_wconf 82' lang='lat' dir='ltr'>impatientiae</span> <span class='ocrx_word' id='word_1_32' title='bbox 761 1000 848 1057; x_wconf 92' lang='lat' dir='ltr'>tunc</span> <span class='ocrx_word' id='word_1_33' title='bbox 868 984 1011 1057; x_wconf 89' lang='lat' dir='ltr'>infantis</span> <span class='ocrx_word' id='word_1_34' title='bbox 1027 986 1199 1075; x_wconf 87' lang='lat' dir='ltr'>quodam-</span> 
     </span>
     <span class='ocr_line' id='line_1_6' title="bbox 139 1084 1198 1175; baseline 0.001 -14"><span class='ocrx_word' id='word_1_35' title='bbox 139 1084 254 1161; x_wconf 93' lang='lat' dir='ltr'>modo</span> <span class='ocrx_word' id='word_1_36' title='bbox 269 1086 491 1162; x_wconf 88' lang='lat' dir='ltr'>incunabula.</span> <span class='ocrx_word' id='word_1_37' title='bbox 526 1084 695 1159; x_wconf 87' lang='lat' dir='ltr'>Ceterum</span> <span class='ocrx_word' id='word_1_38' title='bbox 709 1102 838 1175; x_wconf 82' lang='lat' dir='ltr'>qtranta</span> <span class='ocrx_word' id='word_1_39' title='bbox 852 1105 939 1156; x_wconf 91' lang='lat' dir='ltr'>mox</span> <span class='ocrx_word' id='word_1_40' title='bbox 951 1084 1198 1162; x_wconf 74' lang='lat' dir='ltr'>incrementa?</span> 
     </span>
     <span class='ocr_line' id='line_1_7' title="bbox 139 1184 1195 1281; baseline 0 -21"><span class='ocrx_word' id='word_1_41' title='bbox 139 1206 211 1261; x_wconf 91' lang='lat' dir='ltr'>nec</span> <span class='ocrx_word' id='word_1_42' title='bbox 233 1187 370 1259; x_wconf 89' lang='lat' dir='ltr'>mirum.</span> <span class='ocrx_word' id='word_1_43' title='bbox 420 1184 514 1259; x_wconf 84' lang='lat' dir='ltr'>Nam</span> <span class='ocrx_word' id='word_1_44' title='bbox 530 1186 552 1258; x_wconf 88' lang='lat' dir='ltr'>sr</span> <span class='ocrx_word' id='word_1_45' title='bbox 571 1188 682 1281; x_wconf 89' lang='lat' dir='ltr'>prima</span> <span class='ocrx_word' id='word_1_46' title='bbox 700 1184 861 1275; x_wconf 79' lang='lat' dir='ltr'>deliquit:</span> <span class='ocrx_word' id='word_1_47' title='bbox 889 1184 1110 1275; x_wconf 89' lang='lat' dir='ltr'>consequens</span> <span class='ocrx_word' id='word_1_48' title='bbox 1130 1184 1195 1279; x_wconf 81' lang='lat' dir='ltr'>est,</span> 
     </span>
     <span class='ocr_line' id='line_1_8' title="bbox 139 1282 1195 1377; baseline 0.001 -20"><span class='ocrx_word' id='word_1_49' title='bbox 139 1300 183 1357; x_wconf 87' lang='lat' dir='ltr'>ut</span> <span class='ocrx_word' id='word_1_50' title='bbox 201 1284 283 1373; x_wconf 90' lang='lat' dir='ltr'>quia</span> <span class='ocrx_word' id='word_1_51' title='bbox 296 1284 429 1377; x_wconf 88' lang='lat' dir='ltr'>prima,</span> <span class='ocrx_word' id='word_1_52' title='bbox 456 1286 590 1359; x_wconf 90' lang='lat' dir='ltr'>idcirco</span> <span class='ocrx_word' id='word_1_53' title='bbox 611 1284 644 1355; x_wconf 84' lang='lat'>&amp;</span> <span class='ocrx_word' id='word_1_54' title='bbox 661 1282 734 1355; x_wconf 90' lang='lat' dir='ltr'>sola</span> <span class='ocrx_word' id='word_1_55' title='bbox 750 1284 791 1355; x_wconf 80' lang='lat' dir='ltr'>bt</span> <span class='ocrx_word' id='word_1_56' title='bbox 807 1284 934 1355; x_wconf 83' lang='lat' dir='ltr'>matrix</span> <span class='ocrx_word' id='word_1_57' title='bbox 950 1284 988 1354; x_wconf 91' lang='lat' dir='ltr'>in</span> <span class='ocrx_word' id='word_1_58' title='bbox 1009 1305 1116 1355; x_wconf 87' lang='lat' dir='ltr'>omne</span> <span class='ocrx_word' id='word_1_59' title='bbox 1138 1284 1195 1358; x_wconf 85' lang='lat' dir='ltr'>de·</span> 
     </span>
     <span class='ocr_line' id='line_1_9' title="bbox 139 1382 1196 1475; baseline 0 -16"><span class='ocrx_word' id='word_1_60' title='bbox 139 1382 285 1475; x_wconf 71' lang='lat' dir='ltr'>liilum,</span> <span class='ocrx_word' id='word_1_61' title='bbox 311 1382 505 1456; x_wconf 88' lang='lat' dir='ltr'>defundens</span> <span class='ocrx_word' id='word_1_62' title='bbox 527 1386 570 1456; x_wconf 91' lang='lat' dir='ltr'>dc</span> <span class='ocrx_word' id='word_1_63' title='bbox 590 1384 652 1455; x_wconf 92' lang='lat' dir='ltr'>suo</span> <span class='ocrx_word' id='word_1_64' title='bbox 676 1384 779 1455; x_wconf 84' lang='lat' dir='ltr'>sonte</span> <span class='ocrx_word' id='word_1_65' title='bbox 796 1385 911 1454; x_wconf 77' lang='lat' dir='ltr'>carias</span> <span class='ocrx_word' id='word_1_66' title='bbox 934 1384 1118 1456; x_wconf 90' lang='lat' dir='ltr'>criminum</span> <span class='ocrx_word' id='word_1_67' title='bbox 1134 1406 1196 1459; x_wconf 92' lang='lat' dir='ltr'>ve·</span> 
     </span>
     <span class='ocr_line' id='line_1_10' title="bbox 137 1480 1195 1575; baseline 0 -17"><span class='ocrx_word' id='word_1_68' title='bbox 137 1504 213 1559; x_wconf 88' lang='lat' dir='ltr'>nas.</span> <span class='ocrx_word' id='word_1_69' title='bbox 265 1482 326 1557; x_wconf 91' lang='lat' dir='ltr'>De</span> <span class='ocrx_word' id='word_1_70' title='bbox 342 1483 537 1557; x_wconf 92' lang='lat' dir='ltr'>homicidio</span> <span class='ocrx_word' id='word_1_71' title='bbox 553 1484 693 1575; x_wconf 90' lang='lat' dir='ltr'>quidem</span> <span class='ocrx_word' id='word_1_72' title='bbox 710 1484 837 1555; x_wconf 80' lang='lat' dir='ltr'>dictum</span> <span class='ocrx_word' id='word_1_73' title='bbox 854 1480 914 1555; x_wconf 78' lang='lat' dir='ltr'>cll.</span> <span class='ocrx_word' id='word_1_74' title='bbox 966 1482 1035 1553; x_wconf 86' lang='lat' dir='ltr'>Sed</span> <span class='ocrx_word' id='word_1_75' title='bbox 1057 1482 1109 1555; x_wconf 91' lang='lat' dir='ltr'>ira</span> <span class='ocrx_word' id='word_1_76' title='bbox 1124 1483 1195 1557; x_wconf 87' lang='lat' dir='ltr'>edi-</span> 
     </span>
     <span class='ocr_line' id='line_1_11' title="bbox 139 1580 1195 1675; baseline 0.001 -19"><span class='ocrx_word' id='word_1_77' title='bbox 139 1597 217 1657; x_wconf 91' lang='lat' dir='ltr'>tum</span> <span class='ocrx_word' id='word_1_78' title='bbox 232 1606 251 1654; x_wconf 90' lang='lat' dir='ltr'>a</span> <span class='ocrx_word' id='word_1_79' title='bbox 264 1580 481 1675; x_wconf 89' lang='lat' dir='ltr'>primordio,</span> <span class='ocrx_word' id='word_1_80' title='bbox 502 1583 606 1655; x_wconf 87' lang='lat' dir='ltr'>etiarn</span> <span class='ocrx_word' id='word_1_81' title='bbox 621 1602 847 1673; x_wconf 84' lang='lat' dir='ltr'>quascunque</span> <span class='ocrx_word' id='word_1_82' title='bbox 861 1580 1088 1674; x_wconf 89' lang='lat' dir='ltr'>postmodum</span> <span class='ocrx_word' id='word_1_83' title='bbox 1101 1581 1195 1657; x_wconf 88' lang='lat' dir='ltr'>caus·</span> 
     </span>
     <span class='ocr_line' id='line_1_12' title="bbox 137 1680 1194 1779; baseline 0 -23"><span class='ocrx_word' id='word_1_84' title='bbox 137 1680 190 1757; x_wconf 89' lang='lat' dir='ltr'>sas</span> <span class='ocrx_word' id='word_1_85' title='bbox 215 1682 276 1755; x_wconf 85' lang='lat' dir='ltr'>fibi</span> <span class='ocrx_word' id='word_1_86' title='bbox 296 1682 459 1775; x_wconf 89' lang='lat' dir='ltr'>invenit,</span> <span class='ocrx_word' id='word_1_87' title='bbox 486 1684 529 1755; x_wconf 89' lang='lat' dir='ltr'>ad</span> <span class='ocrx_word' id='word_1_88' title='bbox 548 1682 801 1773; x_wconf 80' lang='lat' dir='ltr'>impatientiam</span> <span class='ocrx_word' id='word_1_89' title='bbox 824 1694 866 1752; x_wconf 89' lang='lat' dir='ltr'>nt</span> <span class='ocrx_word' id='word_1_90' title='bbox 886 1681 929 1753; x_wconf 90' lang='lat' dir='ltr'>ad</span> <span class='ocrx_word' id='word_1_91' title='bbox 950 1682 1125 1779; x_wconf 84' lang='lat' dir='ltr'>originem</span> <span class='ocrx_word' id='word_1_92' title='bbox 1145 1681 1194 1757; x_wconf 87' lang='lat' dir='ltr'>sui</span> 
     </span>
     <span class='ocr_line' id='line_1_13' title="bbox 139 1778 1194 1879; baseline 0 -25"><span class='ocrx_word' id='word_1_93' title='bbox 139 1778 297 1855; x_wconf 84' lang='lat' dir='ltr'>confert.</span> <span class='ocrx_word' id='word_1_94' title='bbox 346 1778 432 1855; x_wconf 80' lang='lat' dir='ltr'>Sive</span> <span class='ocrx_word' id='word_1_95' title='bbox 449 1782 543 1855; x_wconf 90' lang='lat' dir='ltr'>enim</span> <span class='ocrx_word' id='word_1_96' title='bbox 558 1781 635 1873; x_wconf 90' lang='lat' dir='ltr'>quis</span> <span class='ocrx_word' id='word_1_97' title='bbox 652 1780 865 1874; x_wconf 87' lang='lat' dir='ltr'>inimicitiis,</span> <span class='ocrx_word' id='word_1_98' title='bbox 890 1781 965 1854; x_wconf 87' lang='lat' dir='ltr'>srve</span> <span class='ocrx_word' id='word_1_99' title='bbox 978 1782 1102 1874; x_wconf 82' lang='lat' dir='ltr'>praedae</span> <span class='ocrx_word' id='word_1_100' title='bbox 1118 1801 1194 1879; x_wconf 80' lang='lat' dir='ltr'>gra·</span> 
     </span>
     <span class='ocr_line' id='line_1_14' title="bbox 138 1878 1194 1976; baseline 0 -23"><span class='ocrx_word' id='word_1_101' title='bbox 138 1881 189 1954; x_wconf 87' lang='lat' dir='ltr'>tia</span> <span class='ocrx_word' id='word_1_102' title='bbox 208 1880 244 1953; x_wconf 91' lang='lat' dir='ltr'>id</span> <span class='ocrx_word' id='word_1_103' title='bbox 262 1878 372 1953; x_wconf 90' lang='lat' dir='ltr'>scelus</span> <span class='ocrx_word' id='word_1_104' title='bbox 395 1878 567 1976; x_wconf 86' lang='lat' dir='ltr'>consrcit,</span> <span class='ocrx_word' id='word_1_105' title='bbox 595 1882 691 1976; x_wconf 86' lang='lat' dir='ltr'>prius</span> <span class='ocrx_word' id='word_1_106' title='bbox 710 1880 760 1952; x_wconf 87' lang='lat' dir='ltr'>est</span> <span class='ocrx_word' id='word_1_107' title='bbox 779 1894 819 1952; x_wconf 92' lang='lat' dir='ltr'>ut</span> <span class='ocrx_word' id='word_1_108' title='bbox 835 1896 897 1953; x_wconf 94' lang='lat' dir='ltr'>aut</span> <span class='ocrx_word' id='word_1_109' title='bbox 912 1880 1006 1975; x_wconf 93' lang='lat' dir='ltr'>odii,</span> <span class='ocrx_word' id='word_1_110' title='bbox 1032 1896 1094 1953; x_wconf 91' lang='lat' dir='ltr'>aut</span> <span class='ocrx_word' id='word_1_111' title='bbox 1112 1902 1194 1974; x_wconf 84' lang='lat' dir='ltr'>ava·</span> 
     </span>
     <span class='ocr_line' id='line_1_15' title="bbox 136 1976 1197 2083; baseline 0.002 -30"><span class='ocrx_word' id='word_1_112' title='bbox 136 1980 228 2053; x_wconf 85' lang='lat' dir='ltr'>ritlae</span> <span class='ocrx_word' id='word_1_113' title='bbox 247 1976 310 2053; x_wconf 90' lang='lat' dir='ltr'>fiat</span> <span class='ocrx_word' id='word_1_114' title='bbox 324 1981 522 2073; x_wconf 86' lang='lat' dir='ltr'>impatiens.</span> <span class='ocrx_word' id='word_1_115' title='bbox 573 1980 752 2083; x_wconf 87' lang='lat' dir='ltr'>Quicquid</span> <span class='ocrx_word' id='word_1_116' title='bbox 773 1980 977 2073; x_wconf 85' lang='lat' dir='ltr'>compellit,</span> <span class='ocrx_word' id='word_1_117' title='bbox 1001 1979 1197 2075; x_wconf 83' lang='lat' dir='ltr'>lirrcimpa·</span> 
     </span>
     <span class='ocr_line' id='line_1_16' title="bbox 137 2077 1194 2251; baseline 0 -96"><span class='ocrx_word' id='word_1_118' title='bbox 137 2079 264 2155; x_wconf 90' lang='lat' dir='ltr'>tientia</span> <span class='ocrx_word' id='word_1_119' title='bbox 279 2077 329 2153; x_wconf 91' lang='lat' dir='ltr'>sui</span> <span class='ocrx_word' id='word_1_120' title='bbox 343 2100 420 2153; x_wconf 89' lang='lat' dir='ltr'>non</span> <span class='ocrx_word' id='word_1_121' title='bbox 440 2080 545 2153; x_wconf 89' lang='lat' dir='ltr'>estut</span> <span class='ocrx_word' id='word_1_122' title='bbox 559 2078 681 2175; x_wconf 77' lang='lat' dir='ltr'>persici</span> <span class='ocrx_word' id='word_1_123' title='bbox 698 2080 813 2172; x_wconf 86' lang='lat' dir='ltr'>polsrt.</span> <span class='ocrx_word' id='word_1_124' title='bbox 867 2080 957 2251; x_wconf 42' lang='lat' dir='ltr'>(puis</span> <span class='ocrx_word' id='word_1_125' title='bbox 981 2079 1194 2155; x_wconf 84' lang='lat' dir='ltr'>adulterium</span> 
     </span>
     <span class='ocr_line' id='line_1_17' title="bbox 135 2176 1198 2277; baseline 0.003 -26"><span class='ocrx_word' id='word_1_126' title='bbox 135 2179 209 2253; x_wconf 81' lang='lat' dir='ltr'>stne</span> <span class='ocrx_word' id='word_1_127' title='bbox 232 2178 385 2252; x_wconf 81' lang='lat' dir='ltr'>libidinis</span> <span class='ocrx_word' id='word_1_128' title='bbox 401 2179 621 2272; x_wconf 87' lang='lat' dir='ltr'>impatientia</span> <span class='ocrx_word' id='word_1_129' title='bbox 638 2176 768 2253; x_wconf 75' lang='lat' dir='ltr'>stibiit?</span> <span class='ocrx_word' id='word_1_130' title='bbox 795 2180 881 2277; x_wconf 88' lang='lat' dir='ltr'>Quo</span> <span class='ocrx_word' id='word_1_131' title='bbox 925 2178 959 2251; x_wconf 76' lang='grc' dir='ltr'>δι</span> <span class='ocrx_word' id='word_1_132' title='bbox 977 2178 1000 2250; x_wconf 87' lang='lat' dir='ltr'>sr</span> <span class='ocrx_word' id='word_1_133' title='bbox 1016 2180 1137 2271; x_wconf 88' lang='lat' dir='ltr'>pretio</span> <span class='ocrx_word' id='word_1_134' title='bbox 1155 2180 1198 2255; x_wconf 89' lang='lat' dir='ltr'>in-</span> 
     </span>
     <span class='ocr_line' id='line_1_18' title="bbox 135 2277 1196 2375; baseline 0.001 -24"><span class='ocrx_word' id='word_1_135' title='bbox 135 2278 277 2351; x_wconf 88' lang='lat' dir='ltr'>fcminis</span> <span class='ocrx_word' id='word_1_136' title='bbox 301 2277 444 2373; x_wconf 86' lang='lat' dir='ltr'>cogitur</span> <span class='ocrx_word' id='word_1_137' title='bbox 467 2280 629 2351; x_wconf 81' lang='lat' dir='ltr'>venditio</span> <span class='ocrx_word' id='word_1_138' title='bbox 647 2280 705 2351; x_wconf 91' lang='lat' dir='ltr'>illa</span> <span class='ocrx_word' id='word_1_139' title='bbox 723 2278 923 2371; x_wconf 84' lang='lat' dir='ltr'>pudicitiae,</span> <span class='ocrx_word' id='word_1_140' title='bbox 949 2279 1072 2370; x_wconf 85' lang='lat' dir='ltr'>utique</span> <span class='ocrx_word' id='word_1_141' title='bbox 1086 2280 1196 2375; x_wconf 89' lang='lat' dir='ltr'>impa-</span> 
     </span>
     <span class='ocr_line' id='line_1_19' title="bbox 135 2376 1195 2470; baseline 0.001 -18"><span class='ocrx_word' id='word_1_142' title='bbox 135 2378 263 2452; x_wconf 90' lang='lat' dir='ltr'>tientia</span> <span class='ocrx_word' id='word_1_143' title='bbox 281 2380 532 2451; x_wconf 87' lang='lat' dir='ltr'>contemnendi</span> <span class='ocrx_word' id='word_1_144' title='bbox 552 2382 639 2451; x_wconf 90' lang='lat' dir='ltr'>lucri</span> <span class='ocrx_word' id='word_1_145' title='bbox 659 2380 855 2452; x_wconf 85' lang='lat' dir='ltr'>ordinatur.</span> <span class='ocrx_word' id='word_1_146' title='bbox 906 2376 993 2451; x_wconf 87' lang='lat' dir='ltr'>Haec</span> <span class='ocrx_word' id='word_1_147' title='bbox 1008 2393 1049 2448; x_wconf 88' lang='lat' dir='ltr'>ut</span> <span class='ocrx_word' id='word_1_148' title='bbox 1064 2380 1195 2470; x_wconf 91' lang='lat' dir='ltr'>princi·</span> 
     </span>
     <span class='ocr_line' id='line_1_20' title="bbox 133 2476 1194 2573; baseline 0.002 -24"><span class='ocrx_word' id='word_1_149' title='bbox 133 2478 229 2573; x_wconf 91' lang='lat' dir='ltr'>palia</span> <span class='ocrx_word' id='word_1_150' title='bbox 252 2498 362 2570; x_wconf 91' lang='lat' dir='ltr'>penes</span> <span class='ocrx_word' id='word_1_151' title='bbox 386 2477 567 2551; x_wconf 88' lang='lat' dir='ltr'>dominum</span> <span class='ocrx_word' id='word_1_152' title='bbox 594 2476 728 2553; x_wconf 78' lang='lat' dir='ltr'>delicta.</span> <span class='ocrx_word' id='word_1_153' title='bbox 786 2478 882 2550; x_wconf 86' lang='lat' dir='ltr'>Nam</span> <span class='ocrx_word' id='word_1_154' title='bbox 906 2492 947 2548; x_wconf 90' lang='lat' dir='ltr'>ut</span> <span class='ocrx_word' id='word_1_155' title='bbox 975 2476 1194 2569; x_wconf 90' lang='lat' dir='ltr'>compendio</span> 
     </span>
     <span class='ocr_line' id='line_1_21' title="bbox 136 2574 1194 2671; baseline 0.004 -22"><span class='ocrx_word' id='word_1_156' title='bbox 136 2574 331 2665; x_wconf 75' lang='lat' dir='ltr'>dionant,</span> <span class='ocrx_word' id='word_1_157' title='bbox 348 2597 455 2650; x_wconf 89' lang='lat' dir='ltr'>omne</span> <span class='ocrx_word' id='word_1_158' title='bbox 468 2593 654 2671; x_wconf 89' lang='lat' dir='ltr'>peccatum</span> <span class='ocrx_word' id='word_1_159' title='bbox 673 2578 900 2671; x_wconf 82' lang='lat' dir='ltr'>impatientiae</span> <span class='ocrx_word' id='word_1_160' title='bbox 914 2575 1194 2653; x_wconf 88' lang='lat' dir='ltr'>adscribendum.</span> 
     </span>
     <span class='ocr_line' id='line_1_22' title="bbox 133 2674 1195 2770; baseline 0.002 -21"><span class='ocrx_word' id='word_1_161' title='bbox 133 2674 275 2749; x_wconf 86' lang='lat' dir='ltr'>Malum</span> <span class='ocrx_word' id='word_1_162' title='bbox 294 2676 514 2770; x_wconf 88' lang='lat' dir='ltr'>impatientia</span> <span class='ocrx_word' id='word_1_163' title='bbox 533 2674 583 2749; x_wconf 87' lang='lat' dir='ltr'>est</span> <span class='ocrx_word' id='word_1_164' title='bbox 602 2678 700 2751; x_wconf 90' lang='lat' dir='ltr'>boni.</span> <span class='ocrx_word' id='word_1_165' title='bbox 751 2678 873 2750; x_wconf 88' lang='lat' dir='ltr'>Nemo</span> <span class='ocrx_word' id='word_1_166' title='bbox 896 2676 1093 2769; x_wconf 87' lang='lat' dir='ltr'>impudicus</span> <span class='ocrx_word' id='word_1_167' title='bbox 1114 2695 1195 2751; x_wconf 88' lang='lat' dir='ltr'>non</span> 
     </span>
     <span class='ocr_line' id='line_1_23' title="bbox 132 2774 1196 2871; baseline 0.005 -23"><span class='ocrx_word' id='word_1_168' title='bbox 132 2776 321 2867; x_wconf 79' lang='lat' dir='ltr'>impatiens</span> <span class='ocrx_word' id='word_1_169' title='bbox 345 2776 548 2868; x_wconf 68' lang='lat' dir='ltr'>padicitiae,</span> <span class='ocrx_word' id='word_1_170' title='bbox 582 2775 820 2868; x_wconf 84' lang='lat' dir='ltr'>&amp;improbus</span> <span class='ocrx_word' id='word_1_171' title='bbox 841 2776 1052 2871; x_wconf 87' lang='lat' dir='ltr'>probitatis,</span> <span class='ocrx_word' id='word_1_172' title='bbox 1079 2774 1115 2847; x_wconf 66' lang='grc' dir='ltr'><strong>ἃ</strong></span> <span class='ocrx_word' id='word_1_173' title='bbox 1130 2776 1196 2853; x_wconf 81' lang='lat' dir='ltr'>im·</span> 
     </span>
     <span class='ocr_line' id='line_1_24' title="bbox 132 2874 1195 2970; baseline 0.006 -27"><span class='ocrx_word' id='word_1_174' title='bbox 132 2874 214 2967; x_wconf 91' lang='lat' dir='ltr'>pius</span> <span class='ocrx_word' id='word_1_175' title='bbox 231 2874 396 2965; x_wconf 83' lang='lat' dir='ltr'>pietatis,</span> <span class='ocrx_word' id='word_1_176' title='bbox 427 2876 460 2945; x_wconf 71' lang='grc' dir='ltr'>δι</span> <span class='ocrx_word' id='word_1_177' title='bbox 484 2875 663 2963; x_wconf 87' lang='lat' dir='ltr'>inquietus</span> <span class='ocrx_word' id='word_1_178' title='bbox 690 2878 828 2966; x_wconf 85' lang='lat' dir='ltr'>quictis.</span> <span class='ocrx_word' id='word_1_179' title='bbox 880 2876 934 2947; x_wconf 92' lang='lat' dir='ltr'>Ut</span> <span class='ocrx_word' id='word_1_180' title='bbox 953 2876 1064 2949; x_wconf 88' lang='lat' dir='ltr'>malus</span> <span class='ocrx_word' id='word_1_181' title='bbox 1083 2894 1195 2970; x_wconf 59' lang='lat' dir='ltr'>unusy</span> 
     </span>
     <span class='ocr_line' id='line_1_25' title="bbox 134 2968 1196 3066; baseline 0.009 -25"><span class='ocrx_word' id='word_1_182' title='bbox 134 2974 283 3061; x_wconf 87' lang='lat' dir='ltr'>quisque</span> <span class='ocrx_word' id='word_1_183' title='bbox 304 2968 387 3061; x_wconf 87' lang='lat' dir='ltr'>liat,</span> <span class='ocrx_word' id='word_1_184' title='bbox 413 2974 531 3043; x_wconf 89' lang='lat' dir='ltr'>bonus</span> <span class='ocrx_word' id='word_1_185' title='bbox 552 2972 779 3063; x_wconf 75' lang='lat' dir='ltr'>perseverare</span> <span class='ocrx_word' id='word_1_186' title='bbox 800 2995 873 3045; x_wconf 90' lang='lat' dir='ltr'>non</span> <span class='ocrx_word' id='word_1_187' title='bbox 893 2976 1041 3066; x_wconf 90' lang='lat' dir='ltr'>poterit.</span> <span class='ocrx_word' id='word_1_188' title='bbox 1092 2972 1196 3051; x_wconf 80' lang='lat' dir='ltr'>Talis</span> 
     </span>
     <span class='ocr_line' id='line_1_26' title="bbox 41 3070 1196 3166; baseline 0.008 -26"><span class='ocrx_word' id='word_1_189' title='bbox 41 3090 44 3095; x_wconf 89' lang='lat'><em>·</em></span> <span class='ocrx_word' id='word_1_190' title='bbox 131 3070 242 3166; x_wconf 86' lang='lat' dir='ltr'>igitur</span> <span class='ocrx_word' id='word_1_191' title='bbox 263 3084 406 3140; x_wconf 88' lang='lat' dir='ltr'>excetra</span> <span class='ocrx_word' id='word_1_192' title='bbox 428 3070 660 3161; x_wconf 67' lang='lat' dir='ltr'>delictorum,</span> <span class='ocrx_word' id='word_1_193' title='bbox 688 3094 751 3144; x_wconf 88' lang='lat' dir='ltr'>cur</span> <span class='ocrx_word' id='word_1_194' title='bbox 773 3094 849 3145; x_wconf 89' lang='lat' dir='ltr'>non</span> <span class='ocrx_word' id='word_1_195' title='bbox 868 3075 1051 3147; x_wconf 90' lang='lat' dir='ltr'>dominum</span> <span class='ocrx_word' id='word_1_196' title='bbox 1074 3070 1196 3149; x_wconf 84' lang='lat' dir='ltr'>offen·</span> 
     </span>
     <span class='ocr_line' id='line_1_27' title="bbox 133 3168 1195 3267; baseline 0.007 -24"><span class='ocrx_word' id='word_1_197' title='bbox 133 3170 195 3243; x_wconf 91' lang='lat' dir='ltr'>dat</span> <span class='ocrx_word' id='word_1_198' title='bbox 209 3168 490 3260; x_wconf 87' lang='lat' dir='ltr'>improbatorem</span> <span class='ocrx_word' id='word_1_199' title='bbox 512 3170 712 3245; x_wconf 81' lang='lat' dir='ltr'>malorum?</span> <span class='ocrx_word' id='word_1_200' title='bbox 740 3172 796 3245; x_wconf 83' lang='lat' dir='ltr'>[ln</span> <span class='ocrx_word' id='word_1_201' title='bbox 815 3194 892 3245; x_wconf 88' lang='lat' dir='ltr'>non</span> <span class='ocrx_word' id='word_1_202' title='bbox 912 3174 1021 3267; x_wconf 88' lang='lat' dir='ltr'>ipsum</span> <span class='ocrx_word' id='word_1_203' title='bbox 1044 3169 1195 3267; x_wconf 84' lang='lat' dir='ltr'>quoqtie</span> 
     </span>
     <span class='ocr_line' id='line_1_28' title="bbox 131 3263 1196 3367; baseline 0.005 -23"><span class='ocrx_word' id='word_1_204' title='bbox 131 3266 237 3345; x_wconf 90' lang='lat' dir='ltr'>Israel</span> <span class='ocrx_word' id='word_1_205' title='bbox 264 3286 329 3359; x_wconf 91' lang='lat' dir='ltr'>per</span> <span class='ocrx_word' id='word_1_206' title='bbox 355 3266 609 3359; x_wconf 89' lang='lat' dir='ltr'>impatientiam</span> <span class='ocrx_word' id='word_1_207' title='bbox 640 3268 774 3367; x_wconf 87' lang='lat' dir='ltr'>semper</span> <span class='ocrx_word' id='word_1_208' title='bbox 801 3271 835 3345; x_wconf 92' lang='lat' dir='ltr'>in</span> <span class='ocrx_word' id='word_1_209' title='bbox 863 3272 981 3345; x_wconf 91' lang='lat' dir='ltr'>Deum</span> <span class='ocrx_word' id='word_1_210' title='bbox 1009 3263 1196 3365; x_wconf 82' lang='lat' dir='ltr'>deliquisse</span> 
     </span>
     <span class='ocr_line' id='line_1_29' title="bbox 129 3365 1195 3467; baseline 0.005 -24"><span class='ocrx_word' id='word_1_211' title='bbox 129 3366 352 3443; x_wconf 88' lang='lat' dir='ltr'>manifestum</span> <span class='ocrx_word' id='word_1_212' title='bbox 373 3365 449 3440; x_wconf 79' lang='lat' dir='ltr'>cst?</span> <span class='ocrx_word' id='word_1_213' title='bbox 482 3367 610 3441; x_wconf 89' lang='lat' dir='ltr'>exinde</span> <span class='ocrx_word' id='word_1_214' title='bbox 626 3390 705 3445; x_wconf 90' lang='lat' dir='ltr'>cum</span> <span class='ocrx_word' id='word_1_215' title='bbox 723 3373 856 3445; x_wconf 90' lang='lat' dir='ltr'>oblitus</span> <span class='ocrx_word' id='word_1_216' title='bbox 869 3372 1004 3445; x_wconf 91' lang='lat' dir='ltr'>brachii</span> <span class='ocrx_word' id='word_1_217' title='bbox 1026 3369 1195 3467; x_wconf 74' lang='lat' dir='ltr'>celestis,</span> 
     </span>
     <span class='ocr_line' id='line_1_30' title="bbox 131 3464 1195 3565; baseline 0.01 -27"><span class='ocrx_word' id='word_1_218' title='bbox 131 3488 205 3557; x_wconf 90' lang='lat' dir='ltr'>quo</span> <span class='ocrx_word' id='word_1_219' title='bbox 229 3464 420 3561; x_wconf 84' lang='lat' dir='ltr'>Aegyptiis</span> <span class='ocrx_word' id='word_1_220' title='bbox 448 3466 731 3543; x_wconf 73' lang='lat' dir='ltr'>afflictationibus</span> <span class='ocrx_word' id='word_1_221' title='bbox 756 3472 873 3545; x_wconf 89' lang='lat' dir='ltr'>suerat</span> <span class='ocrx_word' id='word_1_222' title='bbox 901 3470 1107 3565; x_wconf 77' lang='lat' dir='ltr'>extractus,</span> <span class='ocrx_word' id='word_1_223' title='bbox 1145 3473 1195 3549; x_wconf 82' lang='lat' dir='ltr'>de</span> 
     </span>
     <span class='ocr_line' id='line_1_31' title="bbox 129 3564 1197 3664; baseline 0.011 -27"><span class='ocrx_word' id='word_1_224' title='bbox 129 3564 258 3639; x_wconf 84' lang='lat' dir='ltr'>Aaron</span> <span class='ocrx_word' id='word_1_225' title='bbox 278 3568 340 3641; x_wconf 83' lang='lat' dir='ltr'>sabi</span> <span class='ocrx_word' id='word_1_226' title='bbox 357 3565 458 3639; x_wconf 89' lang='lat' dir='ltr'>Deos</span> <span class='ocrx_word' id='word_1_227' title='bbox 478 3566 586 3638; x_wconf 89' lang='lat' dir='ltr'>duces</span> <span class='ocrx_word' id='word_1_228' title='bbox 600 3569 777 3664; x_wconf 90' lang='lat' dir='ltr'>postulat,</span> <span class='ocrx_word' id='word_1_229' title='bbox 805 3592 884 3643; x_wconf 90' lang='lat' dir='ltr'>cum</span> <span class='ocrx_word' id='word_1_230' title='bbox 904 3573 941 3643; x_wconf 92' lang='lat' dir='ltr'>in</span> <span class='ocrx_word' id='word_1_231' title='bbox 958 3570 1096 3643; x_wconf 87' lang='lat' dir='ltr'>idolum</span> <span class='ocrx_word' id='word_1_232' title='bbox 1115 3573 1197 3649; x_wconf 87' lang='lat' dir='ltr'>anri</span> 
     </span>
     <span class='ocr_line' id='line_1_32' title="bbox 129 3662 1198 3765; baseline 0.007 -26"><span class='ocrx_word' id='word_1_233' title='bbox 129 3662 182 3739; x_wconf 89' lang='lat' dir='ltr'>sui</span> <span class='ocrx_word' id='word_1_234' title='bbox 198 3668 412 3741; x_wconf 84' lang='lat' dir='ltr'>collationes</span> <span class='ocrx_word' id='word_1_235' title='bbox 431 3664 610 3738; x_wconf 83' lang='lat' dir='ltr'>defundit:</span> <span class='ocrx_word' id='word_1_236' title='bbox 628 3683 699 3743; x_wconf 85' lang='lat' dir='ltr'>tarn</span> <span class='ocrx_word' id='word_1_237' title='bbox 717 3668 923 3742; x_wconf 86' lang='lat' dir='ltr'>necessarias</span> <span class='ocrx_word' id='word_1_238' title='bbox 943 3672 1037 3743; x_wconf 91' lang='lat' dir='ltr'>enim</span> <span class='ocrx_word' id='word_1_239' title='bbox 1048 3670 1198 3765; x_wconf 77' lang='lat' dir='ltr'>Moysis</span> 
     </span>
     <span class='ocr_line' id='line_1_33' title="bbox 116 3764 1197 3863; baseline 0.011 -26"><span class='ocrx_word' id='word_1_240' title='bbox 116 3766 211 3837; x_wconf 89' lang='lat' dir='ltr'>&#39;cum</span> <span class='ocrx_word' id='word_1_241' title='bbox 224 3766 371 3839; x_wconf 91' lang='lat' dir='ltr'>domino</span> <span class='ocrx_word' id='word_1_242' title='bbox 388 3764 651 3859; x_wconf 84' lang='lat' dir='ltr'>congredientis</span> <span class='ocrx_word' id='word_1_243' title='bbox 666 3768 891 3859; x_wconf 88' lang='lat' dir='ltr'>impatienter</span> <span class='ocrx_word' id='word_1_244' title='bbox 906 3784 1101 3863; x_wconf 85' lang='lat' dir='ltr'>exceperat</span> <span class='ocrx_word' id='word_1_245' title='bbox 1113 3791 1197 3849; x_wconf 86' lang='lat' dir='ltr'>mo·</span> 
     </span>
     <span class='ocr_line' id='line_1_34' title="bbox 125 3860 1197 3964; baseline 0.007 -27"><span class='ocrx_word' id='word_1_246' title='bbox 125 3883 194 3937; x_wconf 77' lang='lat' dir='ltr'>ras.</span> <span class='ocrx_word' id='word_1_247' title='bbox 231 3862 315 3936; x_wconf 91' lang='lat' dir='ltr'>Post</span> <span class='ocrx_word' id='word_1_248' title='bbox 327 3886 462 3937; x_wconf 85' lang='lat' dir='ltr'>mannae</span> <span class='ocrx_word' id='word_1_249' title='bbox 476 3860 653 3938; x_wconf 85' lang='lat' dir='ltr'>escatilem</span> <span class='ocrx_word' id='word_1_250' title='bbox 668 3868 846 3961; x_wconf 86' lang='lat' dir='ltr'>pluviam,</span> <span class='ocrx_word' id='word_1_251' title='bbox 862 3866 943 3963; x_wconf 87' lang='lat' dir='ltr'>post</span> <span class='ocrx_word' id='word_1_252' title='bbox 957 3884 1068 3962; x_wconf 84' lang='lat' dir='ltr'>petrae</span> <span class='ocrx_word' id='word_1_253' title='bbox 1086 3887 1197 3964; x_wconf 84' lang='lat' dir='ltr'>aqua·</span> 
     </span>
     <span class='ocr_line' id='line_1_35' title="bbox 126 3960 1197 4062; baseline 0.013 -27"><span class='ocrx_word' id='word_1_254' title='bbox 126 3962 228 4036; x_wconf 89' lang='lat' dir='ltr'>tilem</span> <span class='ocrx_word' id='word_1_255' title='bbox 242 3960 417 4051; x_wconf 86' lang='lat' dir='ltr'>sequelam</span> <span class='ocrx_word' id='word_1_256' title='bbox 435 3960 621 4061; x_wconf 87' lang='lat' dir='ltr'>desperant</span> <span class='ocrx_word' id='word_1_257' title='bbox 634 3965 678 4038; x_wconf 91' lang='lat' dir='ltr'>de</span> <span class='ocrx_word' id='word_1_258' title='bbox 692 3968 862 4062; x_wconf 90' lang='lat' dir='ltr'>domino,</span> <span class='ocrx_word' id='word_1_259' title='bbox 889 3968 994 4041; x_wconf 87' lang='lat' dir='ltr'>tridui</span> <span class='ocrx_word' id='word_1_260' title='bbox 1008 3970 1099 4045; x_wconf 78' lang='lat' dir='ltr'>satim</span> <span class='ocrx_word' id='word_1_261' title='bbox 1112 3984 1197 4049; x_wconf 77' lang='lat' dir='ltr'>non</span> 
     </span>
     <span class='ocr_line' id='line_1_36' title="bbox 117 4058 1195 4161; baseline 0.009 -24"><span class='ocrx_word' id='word_1_262' title='bbox 117 4058 340 4159; x_wconf 77' lang='lat' dir='ltr'>sustinendo.</span> <span class='ocrx_word' id='word_1_263' title='bbox 390 4063 485 4137; x_wconf 87' lang='lat' dir='ltr'>Nam</span> <span class='ocrx_word' id='word_1_264' title='bbox 506 4064 581 4135; x_wconf 87' lang='lat' dir='ltr'>lraec</span> <span class='ocrx_word' id='word_1_265' title='bbox 598 4084 743 4157; x_wconf 87' lang='lat' dir='ltr'>quoque</span> <span class='ocrx_word' id='word_1_266' title='bbox 758 4070 825 4142; x_wconf 89' lang='lat' dir='ltr'>illis</span> <span class='ocrx_word' id='word_1_267' title='bbox 846 4068 1068 4161; x_wconf 88' lang='lat' dir='ltr'>impatientia</span> <span class='ocrx_word' id='word_1_268' title='bbox 1087 4092 1107 4143; x_wconf 88' lang='lat' dir='ltr'>a</span> <span class='ocrx_word' id='word_1_269' title='bbox 1126 4070 1195 4147; x_wconf 89' lang='lat' dir='ltr'>do·</span> 
     </span>
     <span class='ocr_line' id='line_1_37' title="bbox 125 4159 1194 4268; baseline 0.009 -31"><span class='ocrx_word' id='word_1_270' title='bbox 125 4160 487 4257; x_wconf 75' lang='lat' dir='ltr'>uaiuoexprobratur.</span> <span class='ocrx_word' id='word_1_271' title='bbox 540 4159 599 4239; x_wconf 85' lang='lat' dir='ltr'>Ac</span> <span class='ocrx_word' id='word_1_272' title='bbox 613 4186 660 4241; x_wconf 89' lang='lat' dir='ltr'>ne</span> <span class='ocrx_word' id='word_1_273' title='bbox 673 4166 807 4265; x_wconf 85' lang='lat' dir='ltr'>smgula</span> <span class='ocrx_word' id='word_1_274' title='bbox 819 4187 1081 4267; x_wconf 80' lang='lat' dir='ltr'>pervagemur,</span> <span class='ocrx_word' id='word_1_275' title='bbox 1093 4188 1194 4268; x_wconf 82' lang='lat' dir='ltr'>pun·</span> 
     </span>
     <span class='ocr_line' id='line_1_38' title="bbox 1031 4283 1139 4361; baseline 0 -15"><span class='ocrx_word' id='word_1_276' title='bbox 1031 4283 1139 4361; x_wconf 60' lang='lat' dir='ltr'>quam</span> 
     </span>
    </p>
   </div>
   <div class='ocr_carea' id='block_1_3' title="bbox 0 0 1204 4590">
    <p class='ocr_par' dir='ltr' id='par_1_3' title="bbox 0 0 1204 4590">
     <span class='ocr_line' id='line_1_39' title="bbox 0 0 1204 4590; baseline 0 2"><span class='ocrx_word' id='word_1_277' title='bbox 0 0 1204 4590; x_wconf 95' lang='lat' dir='ltr'> </span> 
     </span>
    </p>
   </div>
  </div>
 </body>
</html>
