2400 4590
122 505 192 581 170
285 489 332 587 Q.
357 485 485 563 seer.
510 484 644 564 Fron.
669 487 1002 565 Tnnruatreur

118 668 200 821 gem
211 646 285 723 ssne
300 645 440 721 tristitia
448 648 689 747 tranfigendis.
740 648 814 733 Cur
825 650 918 725 enim
930 649 1049 743 triste,
1069 651 1172 746 quod

134 748 268 821 alutare
290 744 435 839 docuit,
469 750 576 825 etiam
596 746 762 823 adversus
782 750 913 824 diriora
932 752 1105 825 damonia
1116 754 1170 845 ie·

115 846 223 941 juniis
245 846 482 949 preliandum.
541 849 639 950 Quid
657 850 751 923 enim
767 848 918 943 mirum,
941 850 1029 925 ssex
1044 851 1170 927 eadem

118 948 332 1041 operatione
348 944 486 1040 spiritus
502 950 642 1041 iniquus
662 947 847 1041 educitur,
879 972 947 1044 qua
961 946 1097 1024 sandius
1117 953 1170 1026 in·

118 1044 302 1120 ducitur?¹
328 1046 518 1140 Denique,
554 1064 596 1120 ut
614 1050 651 1123 in
672 1048 921 1123 centurionem
943 1048 1168 1144 Cornelium,

114 1167 185 1221 nec
217 1146 300 1219 dum
330 1143 477 1220 tindium
502 1146 660 1243 dignatio
684 1146 825 1239 spiritus
850 1146 955 1221 sandi
979 1170 1060 1221 cum
1086 1149 1168 1223 cha·

113 1244 253 1320 rismate
269 1242 409 1337 insuper
428 1248 627 1339 prophetiae
639 1244 850 1339 festinasset,
873 1248 1006 1342 jejunia
1025 1248 1101 1339 ejus
1115 1250 1168 1321 le-

115 1347 227 1441 gimus
246 1344 420 1420 exaudita.
452 1345 547 1419 Puto
569 1360 684 1421 autem
701 1345 736 1418 δι
751 1341 949 1438 Apostolus
963 1346 999 1420 in
1015 1344 1168 1423 secunda

115 1442 387 1518 Corinthiorum
401 1444 494 1518 inter
505 1447 648 1520 labores
663 1445 743 1517 suos
761 1444 968 1539 &pericula
983 1447 1017 1518 dr
1031 1447 1166 1521 incom-

113 1543 221 1621 moda
247 1542 328 1638 post
348 1542 478 1619 sasnem
498 1567 540 1619 ac
564 1544 672 1638 sitim,
694 1544 829 1639 jejunia
849 1566 996 1640 quoque
1015 1546 1166 1641 plurima

111 1656 308 1719 enumerat.

188 1768 222 1839 9.
248 1742 452 1835 Principalis
474 1741 551 1816 haec
571 1741 705 1835 species
728 1742 765 1816 in
785 1738 1013 1840 castigatione
1031 1743 1164 1841 vidus,

111 1841 232 1943 potest
247 1845 320 1937 jam
338 1842 381 1915 de
398 1840 627 1916 inferioribus
643 1862 788 1935 quoque
806 1841 1021 1916 abstinentiae
1037 1864 1164 1935 opera·

111 1943 270 2017 tionibus
293 1941 541 2037 prejudicare,
567 1958 609 2015 ut
628 1964 673 2016 ex
694 1941 775 2036 ipfis
795 1962 864 2038 pro
882 1941 994 2014 modo
1014 1943 1162 2018 utilibus

112 2056 173 2118 aut
188 2040 397 2116 necessariis.
433 2040 527 2115 Nam
541 2040 709 2133 exceptio
725 2040 924 2115 eduliorum
939 2042 1163 2131 quorundam

110 2144 317 2239 portionale
324 2139 564 2235 jejuniumest
590 2138 813 2237 Inspiciamus
823 2139 1163 2235 igitur&xeropha·

110 2246 244 2339 giarum
259 2242 460 2314 novitatem
477 2242 764 2333 autvanitatem,
789 2239 903 2313 iinon
917 2239 950 2312 dr
965 2239 1002 2312 in
1016 2238 1069 2312 his
1087 2254 1162 2315 tam

111 2341 346 2431 antiquissimae
365 2362 467 2432 quam
484 2338 718 2415 efficacislrmae
730 2338 912 2434 religionis
922 2340 1086 2430 operatio
1100 2339 1163 2416 est.

108 2440 236 2516 Redeo
246 2440 479 2513 adDanielem
493 2439 660 2513 &fratres
673 2440 748 2532 ejus
758 2438 970 2534 leguminum
980 2438 1163 2532 pabulum,

111 2535 1162 2637 &aquaepotumferculis&onophorisregiispraeierenter,

111 2655 218 2733 atque
240 2639 369 2714 exinde
382 2639 632 2734 formosiores,
657 2638 796 2732 nequis
814 2636 859 2711 de
877 2634 994 2730 specie
1016 2658 1162 2729 quoque

110 2738 310 2833 corpusculi
330 2753 492 2833 metuat,
521 2754 688 2814 caeterum
714 2736 838 2833 spiritu
861 2733 1001 2829 insuper
1028 2739 1160 2812 cultos.

107 2838 221 2915 Dedit
244 2842 338 2912 enim
357 2841 458 2911 Deus
480 2838 748 2913 adulescentulis
773 2835 953 2912 scientiam
977 2834 1162 2908 &intelli-

107 2939 262 3030 gentiam
276 2938 312 3007 in
330 2940 426 3009 omni
440 2939 641 3029 literatura,
660 2936 847 3009 &Danieli
862 2936 899 3006 in
914 2934 1011 3007 omni
1025 2936 1160 3028 verbo,

107 3034 192 3107 &in
207 3035 370 3126 somniis,
397 3037 430 3107 dr
446 3036 481 3107 in
495 3038 592 3107 omni
609 3033 752 3130 sophia,
773 3054 841 3127 qua
855 3033 928 3106 hoc
941 3031 1052 3127 ipsum
1071 3054 1162 3125 quo·

107 3153 177 3226 que
192 3132 345 3225 saperet,
374 3132 628 3224 quibusmodis
642 3134 687 3207 de
702 3130 785 3205 Deo
802 3133 1053 3224 impetraretur
1065 3135 1161 3229 agni-

105 3235 160 3307 tio
175 3231 484 3306 sacramentorum.
536 3235 647 3304 Anno
668 3230 819 3323 denique
834 3232 945 3304 tertio
965 3230 1051 3325 Cyri
1064 3233 1160 3329 regis

104 3330 285 3407 Persarum
296 3351 377 3404 cum
388 3332 425 3404 ln
437 3331 675 3429 recogitatum
689 3330 861 3406 incidisset
872 3331 1037 3423 visionis,
1055 3331 1161 3407 aliam

104 3431 258 3507 formam
283 3431 537 3504 humiliationis
565 3430 759 3526 prospexit.
827 3436 867 3503 ln
897 3432 985 3518 illis,
1018 3432 1159 3524 innuit,

104 3534 211 3602 diebus
228 3558 276 3628 ego
289 3534 410 3605 Daniel
428 3556 510 3601 eram
531 3533 637 3625 lugens
650 3553 708 3628 pes
723 3549 789 3603 tres
801 3531 1020 3618 hebdomadas,
1044 3553 1160 3624 panem

94 3635 228 3722 suavem
253 3657 319 3704 non
345 3633 420 3714 edi,
459 3654 529 3701 cass
556 3629 596 3709 (Ἰ
619 3637 735 3704 vinum
757 3657 824 3702 mom
849 3635 1049 3701 introierunt
1067 3635 1104 3700 in
1124 3655 1160 3701 es

102 3752 221 3819 meum,
253 3734 314 3806 alea
336 3728 451 3802 sallus
470 3756 536 3801 naa
549 3730 645 3819 sum,
671 3732 763 3803 donec
782 3731 1072 3821 consummarentur
1089 3746 1159 3801 tres

102 3828 327 3923 hebdomades,
358 3831 467 3932 quibus
489 3830 665 3904 transaflis
689 3830 817 3924 angelus
838 3828 958 3923 emiffiss
978 3832 1017 3929 esl
1042 3830 1161 3905 salites

101 3929 276 4023 eloquens:
307 3933 443 4020 Daniel,
468 3931 555 4001 loma
572 3959 602 4003 es
619 3932 819 4019 miserabilis,
845 3955 886 4002 ne
902 3935 1064 4015 timueris,
1083 3955 1159 4027 que·

100 4032 188 4101 salam
207 4053 245 4103 tx
262 4032 310 4101 die
325 4041 431 4128 prima
450 4057 512 4130 qua
531 4031 638 4130 desilii
656 4037 796 4103 animam
811 4048 899 4103 ruam
918 4036 1099 4124 recogitatui
1116 4029 1158 4107 (5

102 4128 320 4203 humiliationi
339 4157 439 4207 casam
455 4137 545 4223 Dea,
570 4134 755 4207 exauditum
773 4131 813 4231 ιβ
834 4130 962 4205 veslum
982 4147 1091 4217 suum,
1117 4131 1159 4208 0⁹

1058 4255 1107 4323 ego
