2400 4590
80 486 127 575 ao
225 476 272 574 Q.
298 467 591 551 serrator.
616 463 986 543 Trarutararrr

78 654 149 715 tur.
207 634 401 725 Nunquam
427 633 613 725 impatiens
639 626 876 724 obsequitur,
908 641 972 702 aut
995 630 1114 724 patien

79 738 158 833 quis
177 756 255 809 non
275 732 483 806 obleslatur.
535 734 654 832 Quam
673 750 762 825 ergo
784 727 957 803 dominus·
975 730 1114 805 omniur

78 842 262 912 bonorum
285 834 320 906 dt
339 830 604 907 demonstrator
623 830 657 902 dr
677 844 870 923 acceptor,
905 828 1009 902 Deus
1026 831 1064 903 in
1077 828 1114 905 'sr

78 933 230 1030 metipso
247 933 478 1023 circumtulit,
495 933 571 1023 quis
585 930 746 1003 debono
764 930 839 1021 ejus
853 928 926 1002 late
941 927 1113 1002 retractet

79 1040 137 1111 eui
151 1038 237 1108 item
254 1032 436 1105 dubiumst
455 1030 734 1122 omnebonum,
764 1031 844 1119 quia
860 1028 904 1102 ad
918 1028 1040 1102 Deum
1057 1050 1114 1122 per

77 1138 223 1227 tineat,
257 1132 520 1225 pertinentibus
545 1130 588 1202 ad
611 1128 731 1202 Deum
759 1143 839 1203 tota
859 1142 981 1202 mente
1006 1126 1114 1203 sedai

79 1237 182 1309 dum:
207 1253 272 1327 per
290 1254 367 1324 quae
385 1232 422 1303 in
440 1229 612 1323 expedito
630 1229 665 1301 dr
683 1229 777 1319 quali
798 1230 835 1300 in
852 1226 1114 1321 praescriptioni

78 1334 298 1426 compendio
321 1330 355 1403 tr
378 1328 642 1405 commendatio
663 1328 699 1401 dt
715 1329 923 1403 exhortatio
941 1327 987 1403 de
999 1330 1114 1422 patien

74 1432 373 1507 aiaconstitutum
389 1429 450 1505 est.
937 1480 962 1493 ..
1013 1488 1017 1496 .

153 1554 187 1622 ς.
219 1535 461 1605 Veruntamen
486 1530 685 1622 procedere
711 1528 985 1623 disputationem
1012 1528 1057 1603 de
1073 1550 1114 1605 nr

77 1631 231 1707 cellariis
252 1628 336 1703 fidei
354 1650 431 1701 non
453 1628 505 1703 est
529 1628 712 1721 otiosum,
745 1630 826 1722 quia
851 1650 921 1703 nec
940 1628 1114 1703 infruitae

78 1730 165 1807 sunr.
215 1730 446 1821 ¹Loquacitas
475 1728 513 1803 in
539 1726 777 1803 edificatione
802 1728 899 1801 nulla
926 1730 1072 1824 turpis,
1109 1748 1114 1803 τ

78 1829 223 1925 quando
244 1830 371 1923 turpis.
422 1828 590 1921 Itaquesr
612 1830 656 1902 de
677 1828 796 1921 aliquo
814 1830 916 1903 bono
935 1828 1049 1901 sermo
1069 1828 1114 1903 eil

78 1954 137 2007 res
169 1930 353 2023 postulat,
393 1930 613 2003 contrarium
646 1949 791 2019 quoque
822 1929 910 2002 boni
937 1926 1114 2003 recensere

77 2030 179 2132 Quid
192 2030 286 2102 eninr
302 2026 498 2103 satiandum
516 2028 581 2121 fit,
602 2029 711 2123 magis
727 2028 972 2119 inluminabis,
995 2028 1114 2119 siquo

77 2130 264 2203 vitandum
279 2128 321 2201 srt
336 2128 488 2222 proinde
504 2126 691 2225 digesseris.
744 2124 1013 2201 Consideremus
1028 2130 1114 2223 igitu

76 2230 122 2304 de
138 2228 375 2321 impatientia:
401 2250 443 2299 an
462 2227 552 2300 sicut
564 2228 735 2321 patientia
750 2228 787 2299 in
802 2226 911 2319 Deo,
937 2228 988 2300 ita
1010 2230 1115 2301 adver

77 2329 165 2405 saria
184 2329 260 2420 ejus
279 2328 317 2401 in
339 2326 542 2401 adversario
562 2326 793 2400 nostronata
815 2341 923 2418 atque
948 2342 1115 2420 compert

76 2430 137 2506 fit:
160 2441 203 2501 ut
223 2450 268 2501 err
287 2424 355 2501 isto
378 2442 566 2521 appareat,
594 2448 697 2519 quam
717 2428 958 2519 principaliter
976 2424 1059 2499 fidei
1078 2428 1114 2501 ad

76 2526 249 2601 versetur.
299 2524 395 2601 Nanr
414 2524 514 2619 quod
525 2528 568 2599 ab
587 2528 714 2600 aemulo
734 2523 805 2598 Dei
827 2541 1044 2620 conceptum
1069 2524 1114 2600 eil

72 2629 200 2721 utique
221 2646 299 2701 non
318 2625 370 2701 est
386 2626 538 2700 amicum
553 2626 624 2699 Dei
640 2628 761 2700 rebus.
810 2622 945 2701 Eadem
960 2624 1111 2699 discordi

74 2728 128 2803 est
148 2747 295 2819 rerum,
322 2748 408 2818 ouae
435 2724 690 2801 &annorum
749 2724 866 2798 Porro
897 2748 1003 2818 quum
1030 2726 1114 2799 Deu

73 2830 257 2920 optimus,
286 2827 449 2899 diabolus
470 2828 692 2897 econtrario
716 2826 893 2915 pelirnrus:
923 2824 996 2919 ipsa
1015 2825 1114 2901 fuid

74 2926 243 2997 versitate
265 2924 462 3013 testantur,
487 2940 654 2995 neutrum
679 2924 780 2995 alteri
800 2924 941 3015 facere,
969 2940 1011 2995 ut
1025 2926 1115 2997 nobi

74 3044 152 3099 non
168 3022 277 3115 magis
297 3022 425 3093 amalo
444 3020 574 3111 aliquid
590 3021 698 3109 boni,
725 3044 828 3112 quarn
845 3046 865 3095 a
881 3026 984 3096 bono
1002 3026 1114 3117 aliqui·

73 3122 155 3199 nrali
174 3118 303 3193 dittum
318 3119 434 3209 videri
449 3118 562 3209 poffit.
613 3119 724 3216 igitur
749 3124 885 3194 natales
905 3124 1114 3215 impatientia

71 3218 202 3317 inipso
218 3218 364 3291 diabolo
384 3218 637 3312 deprehendo,
659 3220 731 3313 jam
747 3234 836 3294 tunc
850 3243 929 3295 cunr
947 3223 1114 3297 dominun

72 3322 194 3397 Deum
215 3314 381 3390 universa
402 3336 611 3411 operaque
635 3318 794 3411 fecisset,
818 3322 960 3413 imagini
979 3320 1070 3417 sue,
1095 3324 1114 3395 ir

73 3420 126 3495 est
140 3418 274 3493 homini
287 3416 468 3509 subjecisse
480 3420 704 3511 impatienter
719 3421 812 3494 tulit.
856 3421 894 3494 N
897 3444 938 3493 ec
956 3426 1050 3496 enim
1068 3421 1114 3497 do

71 3518 211 3609 luisset,
240 3517 266 3591 sr
289 3514 511 3590 sustinuisset:
536 3539 604 3592 nec
625 3517 803 3593 invidiss'et
821 3522 981 3613 homini,
1007 3524 1114 3597 srnor

71 3618 250 3693 doluisset
301 3614 410 3688 Adeo
434 3615 576 3710 decepit
600 3641 706 3710 eum,
731 3620 812 3709 quia
836 3622 1024 3697 inviderat.
1074 3620 1114 3695 In

71 3718 215 3791 viderat
240 3732 380 3808 autem,
413 3717 494 3807 quia
516 3718 690 3791 doluerat.
741 3717 943 3814 Doluerat,
969 3722 1052 3811 quia
1070 3740 1114 3813 pr

70 3817 204 3891 tienter
223 3818 347 3907 utique
368 3836 444 3887 non
464 3818 604 3891 tulerat.
656 3816 754 3916 Quid
773 3822 923 3910 primurn
944 3820 1053 3894 fuerit
1070 3820 1111 3895 ill

72 3917 217 4011 angelus
237 3915 472 4007 perditionis,
505 3916 615 3989 malus
631 3938 676 3988 an
696 3918 903 4013 impatiens,
930 3936 1114 3995 contemni

72 4034 250 4109 quaerere:
282 4016 396 4106 palam
418 4036 499 4089 curn
518 4016 581 4107 srt,
607 4014 861 4106 impatientiam
882 4042 962 4093 curn
982 4022 1114 4095 malitia

76 4112 318 4192 autmalitiam
333 4116 377 4189 ab
395 4114 617 4211 impatientia
631 4112 863 4214 auspicatam,
891 4120 1022 4215 deinde
1036 4122 1114 4197 inte

1046 4218 1082 4297 se
