2400 4590
198 466 935 553 nnRrsunnecrroutcnauts.
1022 458 1091 568 59?
1187 565 1192 573 ,

110 644 169 714 52.
201 626 378 699 Videmus
399 629 471 719 jam
503 648 601 701 nunc
625 649 709 720 quo·
725 649 882 719 corpore
914 632 1094 705 venturos

34 741 202 802 mortuos
217 724 383 817 disputet.
432 724 483 797 Et
497 730 591 801 bene
607 728 706 818 quod
718 728 835 819 erupit
847 725 961 805 statim
976 728 1092 804 osten·

34 827 146 916 dere,
178 824 273 913 quast
295 825 373 917 quis
396 827 569 915 eiusmodi
597 840 740 917 querat.
797 830 923 911 Stulte,
960 829 1090 920 inquit,

33 942 71 996 ru
84 924 308 1023 quodsenrmur
321 948 387 993 nun
397 928 602 1013 vivificatur,
617 928 677 1019 rtifi
688 944 842 995 mortuum
848 922 980 1017 suerit?
1004 926 1092 1001 Hoc·

35 1044 121 1117 ergo
136 1026 207 1115 jam
226 1024 271 1097 ric
290 1027 458 1115 exemplo
478 1022 617 1098 seminis
635 1024 797 1115 constet,
823 1046 901 1099 non
917 1026 1019 1099 alirn
1036 1031 1091 1100 vi-

36 1119 171 1195 vificari
189 1143 351 1211 carnem,
378 1144 482 1213 quarn
499 1122 605 1217 ipsam
621 1146 699 1215 quae
719 1127 787 1196 erit
803 1138 963 1215 mortua,
990 1126 1092 1201 &ita

32 1220 217 1311 sequentia
232 1224 447 1297 relucebunt
510 1225 610 1297 nihil
631 1224 726 1297 enim
746 1225 911 1297 adversus
931 1227 1090 1319 regulam

32 1324 187 1414 exempli
212 1323 337 1393 licebit
354 1323 526 1415 intelligi,
561 1341 630 1413 qua
652 1322 808 1413 sequitur
824 1323 858 1394 δι
874 1326 971 1413 quod
991 1322 1089 1396 semi·

31 1440 120 1496 nas,
148 1440 222 1489 non
244 1440 376 1512 corpur
394 1423 493 1511 quod
513 1420 671 1495 futurum
686 1418 738 1494 est
755 1418 925 1501 seminas:
950 1422 1090 1495 idcirco

31 1519 127 1589 alinrl
142 1516 413 1593 resurrecturum
428 1539 577 1612 corpus:
597 1542 703 1612 quam
716 1522 816 1609 qtrod
830 1522 1020 1595 moriendo
1037 1520 1089 1594 se-

29 1619 187 1689 minatur
199 1670 212 1707 ,
222 1633 225 1637 ·
235 1616 424 1693 existimer.
488 1617 658 1693 Ceterum
673 1618 831 1692 excidisti
847 1620 890 1693 ab
906 1622 1091 1713 exemplo,

28 1714 225 1807 Nunquam
247 1719 343 1788 enim
366 1716 549 1793 frumento
568 1716 741 1791 seminato
763 1717 797 1789 δι
818 1720 855 1791 in
873 1732 968 1791 terra
983 1718 1088 1792 dillo-

28 1815 133 1905 luto,
148 1815 323 1888 hordeum
339 1818 512 1905 erumpite
535 1815 656 1891 &non
671 1816 707 1887 id
720 1815 831 1909 ipsum
845 1838 958 1913 genus
973 1820 1086 1913 grani,

28 1910 226 2004 eademque
256 1926 382 1987 natura
416 1915 449 1988 ὰ
482 1917 631 2005 qualiter
663 1914 849 1991 &forma
914 1915 1086 2008 Denique

25 2011 151 2085 unde?
176 2013 294 2087 sinon
306 2014 343 2087 id
355 2014 488 2109 ipsum,
512 2012 767 2108 &corruptela
779 2016 876 2115 enim
890 2013 1001 2108 ipsum
1020 2012 1086 2109 est,

26 2111 111 2184 dum
137 2114 240 2204 ipsius
262 2110 323 2188 eil.
384 2110 476 2187 Non
500 2115 595 2191 enim
620 2113 653 2185 st
677 2112 849 2209 suggerit,
894 2116 1087 2204 quomodo

25 2230 106 2285 non
123 2213 221 2303 quod
240 2210 399 2285 intutum
422 2212 473 2285 est
491 2233 623 2307 corpus
639 2213 831 2289 seminetur
848 2212 995 2305 dicens,
1023 2213 1085 2287 sed

25 2310 160 2383 nudum
178 2331 342 2405 granum:
368 2310 523 2399 srsorte,
545 2312 733 2403 frumenti,
755 2314 816 2384 vel
831 2313 977 2403 alicuius
994 2314 1084 2404 cius.-

23 2410 143 2501 rnodi:
170 2408 270 2480 Deus
287 2424 407 2481 autern
429 2410 489 2479 dat
511 2410 562 2482 illi
583 2430 716 2502 corpus
731 2427 843 2502 prout
856 2414 956 2495 vult,
983 2423 1085 2484 uerte

25 2511 62 2579 ei
87 2527 200 2601 grano
224 2508 322 2595 qnod
347 2506 481 2579 nudum
506 2505 664 2580 seminari
689 2510 748 2581 ait.
813 2506 922 2580 Certe
949 2511 1084 2599 inquit,

24 2625 115 2699 ergo
136 2604 271 2677 salvum
288 2603 339 2679 est
354 2606 411 2675 cui
429 2604 512 2677 dare
532 2606 641 2679 habet
660 2604 763 2687 Deus
779 2625 926 2697 corpur.
980 2609 1084 2699 Quo·

20 2704 139 2779 modo
166 2717 284 2777 autem
310 2701 444 2777 salvum
471 2701 544 2777 est:
583 2703 608 2778 sr
632 2724 807 2794 nusquam
839 2701 918 2785 esta
948 2703 974 2781 fi
1004 2724 1083 2781 non

19 2802 194 2900 resurgit,
231 2802 257 2877 sr
282 2822 360 2877 nou
384 2801 556 2896 idipsum
580 2800 761 2898 resurgit?¹
800 2800 837 2875 si
862 2822 940 2876 non
971 2802 1084 2889 resur·

19 2902 104 2999 git,
135 2902 271 2975 salvum
301 2900 463 2979 nonest.
529 2900 568 2975 si
593 2922 670 2977 non
697 2900 749 2984 est
766 2901 801 2973 δι
827 2900 987 2993 salvum,
1023 2922 1083 2975 ac·

21 3003 147 3094 cipere
170 3022 303 3096 corpur
323 3000 442 3079 aDco
462 3020 540 3075 non
558 3000 687 3095 potest„
738 3000 808 3075 Sed
830 3001 927 3075 enim
945 3002 1082 3077 salvum

20 3100 258 3174 omnimodo
282 3098 431 3173 constat.
484 3098 545 3193 Ad
567 3099 653 3192 quid
674 3119 761 3195 ergo
784 3100 884 3175 dabit
905 3102 958 3175 illi
976 3100 1081 3175 Detur

17 3212 136 3295 prout
152 3201 232 3270 vult
247 3220 405 3293 corpus,
432 3198 580 3271 habenti
595 3200 721 3290 utique
740 3201 925 3295 proprium
946 3219 1080 3293 corpus

16 3296 110 3373 illud
129 3297 286 3389 nudum,
312 3297 375 3371 nist
396 3312 438 3371 ut
451 3300 523 3389 jam
540 3318 617 3371 non
635 3299 768 3371 nudum
785 3296 959 3393 resurgat:
991 3317 1080 3391 ergo

18 3397 181 3471 additum
204 3398 273 3469 erit
294 3396 394 3488 quod
415 3398 561 3489 corpori
586 3394 847 3490 superstruitur:
872 3416 943 3469 nec
961 3410 1080 3467 exter·

15 3499 178 3573 'minatur
193 3497 280 3571 illud
298 3497 356 3568 cui
372 3494 635 3588 superstruitur,
657 3495 717 3568 sed
730 3508 889 3590 augetur.
931 3492 1079 3573 Salvum

18 3592 75 3668 est
98 3612 217 3669 autem
242 3595 339 3686 quod
365 3607 530 3688 augetur:
569 3592 693 3667 seritur
722 3597 817 3667 enim
846 3592 1077 3669 solummodo

14 3712 166 3789 granum
188 3694 262 3766 fine
282 3694 435 3767 folliculi
455 3692 574 3783 veste,
607 3694 679 3767 sine
701 3693 937 3767 fundamento
958 3690 1078 3783 spicae,

17 3792 94 3865 stne
115 3796 341 3869 munimento
361 3790 500 3885 arista,
528 3792 601 3865 stne
617 3792 779 3884 superbia
796 3790 914 3864 culmi.
963 3787 1077 3861 Exur-

13 3891 72 3985 git
93 3905 211 3963 autem
235 3896 340 3985 copia
358 3891 591 3984 funeratum,
617 3892 830 3985 compagine
848 3884 1076 3981 aedificatum,

16 3989 148 4063 ordine
175 3987 370 4082 structum,
403 3993 503 4061 cultu
529 3992 727 4078 munitum,
760 3990 860 4059 &us
887 4006 1074 4077 nequaque

17 4086 198 4162 vestitum.
251 4089 339 4163 Haec
355 4086 436 4159 sunt
453 4089 483 4160 ei
502 4107 636 4179 corpus
656 4109 675 4160 a
691 4007 905 4261 Densus,
919 4088 959 4167 in
975 4081 1075 4183 quod

17 4208 96 4263 non
119 4189 345 4283 abolitione,
370 4184 430 4261 scd
451 4187 684 4361 ampliatione
703 4207 764 4261 mu
818 4205 871 4265 ur.
930 4182 981 4258 Et
999 4185 1074 4296 uni·

526 4304 600 4385 pa
691 4368 701 4385 ⁶
958 4303 1030 4365 cut·
