2400 4590
10 39 1176 273 —

427 296 431 303 .

404 496 484 555 nt
530 476 774 558 durna.
1043 500 1117 579 353

16 712 19 717 .
62 644 116 716 ita
136 636 377 737 &imaginem
393 638 542 715 vibrans
561 641 699 715 evertit
717 641 847 717 lineam
866 636 966 719 redi.
1023 638 1120 731 luem

61 755 107 813 ut
127 739 234 811 nimis
256 739 396 813 babitus
413 740 559 836 eludat,
583 740 763 814 intervalli
779 741 945 815 conditio
961 744 1121 835 compel-

62 841 108 913 lit
128 840 164 911 in
189 851 343 930 apert03
381 839 560 933 equalitas
582 840 678 915 enirn
705 840 904 915 circumfusi
931 841 1021 913 aeris
1041 842 1118 936 peri

63 941 147 1010 luce
167 936 320 1009 vestiens
341 938 516 1035 angtrlos,
539 939 728 1013 oblitterat
742 940 864 1013 lineas.
909 938 971 1011 Sic
985 939 1023 1012 dc
1040 942 1117 1013 tani·

62 1028 225 1110 minius
244 1037 408 1129 porticus
427 1038 566 1111 acuitur
586 1040 624 1111 in
644 1036 738 1130 fine,
766 1038 848 1112 dum
865 1040 958 1111 acies
976 1039 1014 1113 in
1027 1056 1118 1111 con·

61 1134 162 1209 cluso
181 1134 307 1230 stipata
323 1135 397 1209 illic
415 1149 583 1211 tenuatur
600 1158 674 1229 quo
688 1137 725 1209 dr
736 1136 953 1211 extenditur.
1000 1134 1062 1210 Sic
1083 1135 1119 1211 dt

60 1236 192 1309 coelum
211 1235 300 1309 mari
321 1236 464 1328 unitirr,
489 1237 551 1307 ubi
570 1235 660 1309 visio
677 1234 889 1325 absumiturr
902 1258 992 1329 euae
1008 1256 1117 1328 quan·

59 1333 125 1409 diu
139 1333 263 1429 viget,
286 1335 422 1409 tamdiu
436 1334 470 1406 di
475 1334 575 1411 vidit.
626 1334 800 1408 Auditum
816 1356 907 1409 vcro
924 1336 1008 1428 quid
1023 1332 1117 1409 aliud

62 1432 238 1527 decipiet,
266 1452 373 1527 quam
393 1430 563 1509 sonorum
585 1433 801 1508 similitudo?
839 1432 913 1528 Et,
945 1433 971 1507 si
991 1434 1117 1528 postea

60 1532 177 1608 minus
202 1528 309 1623 spirat
328 1547 570 1629 unguenbrm,
603 1533 770 1607 &minus
794 1532 881 1627 sapit
900 1533 1048 1625 vinum,
1080 1532 1117 1607 ei

59 1630 177 1707 miuus
198 1631 295 1703 lacus
309 1630 451 1725 fervet,
475 1631 513 1705 in
527 1632 694 1707 omnibus
708 1630 821 1705 ferme
836 1633 948 1727 prima
963 1632 1019 1705 vis
1034 1645 1117 1705 tota

59 1728 125 1805 eil.
176 1727 345 1803 Ceterum
360 1728 404 1804 de
420 1728 544 1804 scabro
563 1752 604 1804 ac
618 1732 701 1804 levi
713 1733 843 1805 merito
861 1752 985 1805 manus
1000 1752 1041 1805 ac
1054 1750 1116 1824 pc·

60 1829 126 1904 des
140 1844 265 1903 tenera
280 1826 602 1904 scilicet&callosa
615 1830 773 1905 membra
787 1828 1002 1905 dissentiunt
1048 1826 1119 1925 lgl⁴

60 1942 123 2003 tur
138 1928 211 2001 hoc
226 1929 339 2003 modo
351 1930 449 2003 nulla
466 1928 624 2003 sensuum
640 1926 821 2003 frustratio
838 1928 952 2003 caussa
967 1929 1115 2005 carebit.

59 2028 177 2127 Quod
197 2026 222 2100 sl
246 2023 369 2101 caussa
388 2027 515 2101 fallunt
532 2024 671 2121 sensus,
696 2026 732 2101 u
751 2024 951 2123 persensus
972 2026 1116 2122 opinio·

59 2148 148 2203 nes:
169 2126 240 2219 jam
253 2127 371 2200 necin
386 2124 537 2201 sensibus
552 2126 799 2201 constituenda
813 2126 950 2200 fallacia
964 2128 1036 2220 est,
1054 2125 1117 2218 qiu

62 2223 197 2299 caussas
214 2224 426 2317 sequuntur,
459 2248 528 2299 nec
544 2228 581 2300 in
596 2228 856 2321 opinionibus,
887 2248 964 2319 que
980 2249 1000 2299 a
1016 2225 1117 2301 sensi·

62 2327 133 2397 bus
152 2324 371 2420 diriguntur,
393 2323 618 2417 sequentibus
638 2325 780 2401 caussas.
831 2327 905 2424 Qui
924 2324 1116 2421 insaniunt,

61 2424 155 2499 alios
175 2424 213 2496 in
235 2424 310 2496 aliis
336 2425 485 2517 vident,
511 2438 553 2496 ut
577 2424 722 2499 Orestes
746 2440 894 2499 matrem
917 2427 952 2498 in
976 2425 1116 2517 sorore,

62 2523 100 2597 dr
112 2520 206 2615 Ajax
216 2521 374 2616 Ulyssem
387 2543 423 2594 in
439 2538 623 2616 armento,
648 2538 690 2595 ut
705 2522 875 2596 Athamas
891 2524 925 2593 u
941 2523 1067 2617 Agaue
1079 2525 1117 2595 in

62 2620 147 2697 filiis
161 2621 297 2696 bestias.
349 2620 523 2694 Oculisne
538 2623 612 2695 hoc
631 2623 852 2695 mendacium
869 2621 1117 2713 exprobrabis,

62 2743 111 2796 an
126 2720 252 2794 furiis?
290 2723 362 2822 Qui
377 2720 612 2794 redundantia
631 2721 723 2795 sellis
747 2721 975 2815 auruginant,
1002 2736 1118 2792 amara

64 2818 146 2895 sunt
158 2823 287 2895 omnia.
320 2819 358 2891 N
361 2843 419 2895 um
431 2841 516 2915 ergo
531 2819 642 2993 {ostili
657 2818 975 2915 praesaricationem
986 2834 1119 2909 expro-

65 2920 206 3011 brabis,
229 2940 274 2992 an
289 2919 529 2993 valetudinem
588 2918 723 2993 Omnes
741 2920 860 3009 itaque
879 2916 993 2991 sensus
1014 2934 1117 2991 euer-

63 3033 192 3094 tuntur
207 3021 264 3091 vel
280 3019 608 3093 circumveniuntur
619 3020 662 3093 ad
675 3033 830 3112 tempus,
843 3033 884 3090 ut
896 3017 1119 3113 proprietate

61 3118 212 3194 fallaciae
226 3133 377 3192 careant
417 3118 530 3193 Immo
539 3118 611 3212 jam
623 3142 669 3193 nc
681 3119 760 3212 ipsis
775 3118 915 3210 quidem
931 3114 1048 3191 caussis
1060 3115 1118 3188 ad·

63 3218 286 3293 scribendum
304 3216 354 3289 est
367 3217 513 3291 fallaciae
527 3220 695 3313 elogium.
726 3216 762 3291 Si
778 3220 871 3291 enim
887 3218 1029 3291 ratione
1040 3210 1118 3285 llaec

63 3316 254 3408 accidunt,
271 3319 365 3388 ratio
379 3316 516 3391 fallacia
529 3318 707 3411 perhiberi
721 3338 797 3389 non
812 3330 977 3391 meretur.
1005 3304 1119 3408 Quod

60 3418 114 3494 fic
130 3412 208 3487 fieri
223 3432 391 3508 oportet,
411 3416 630 3492 mendacium
646 3416 795 3491 nonest.
824 3416 944 3505 ltaque
955 3413 981 3485 si
993 3408 1118 3503 &ipse

63 3513 191 3590 mulie
208 3515 349 3588 infamia
366 3516 580 3608 liberantur,
607 3532 741 3608 quanto
759 3516 867 3610 magis
885 3508 1019 3604 sensus,
1043 3512 1119 3603 qui·

65 3616 134 3689 bus
152 3617 222 3707 jam
244 3615 279 3688 dr
302 3613 425 3687 caussae
447 3616 559 3689 libere
577 3630 754 3708 preeunt:
784 3635 864 3687 cum
886 3611 969 3684 hinc
987 3608 1120 3706 petilli-

66 3734 163 3789 mum
188 3716 222 3787 dt
248 3720 382 3787 veritas
408 3716 442 3787 di
464 3712 550 3788 fides
576 3715 812 3810 &integritas
833 3708 983 3785 sensibus
1004 3708 1120 3781 vindi·

65 3814 179 3893 canda
201 3813 272 3908 sit,
304 3816 403 3907 quod
419 3837 496 3889 non
512 3817 613 3889 aliter
634 3814 863 3904 renuntient,
893 3827 999 3901 eiiam
1020 3804 1119 3900 quod

63 3914 127 3988 illa
140 3916 236 3997 ratio
252 3913 453 4007 mandavit,
477 3933 555 4007 que
571 3912 700 3989 efficiet
714 3911 818 3983 aliter
833 3910 916 4003 quid
932 3931 952 3982 a
965 3907 1126 3991 senfibus,

61 4014 284 4106 renuntiari,
308 4034 414 4105 quam
429 4014 472 4087 sit
485 4014 522 4087 in
539 4017 656 4090 rebus
706 4008 807 4107 Quid
821 4010 892 4106 agis
905 4006 1119 4082 Academica

61 4112 340 4211 procacissime?
377 4127 499 4189 totum
521 4117 606 4189 vite
626 4110 756 4188 statum
779 4110 942 4204 evertis,
975 4120 1119 4193 emnem

66 4219 69 4224 '
122 4209 261 4290 Tuitus.
277 4207 364 4289 Tem.
386 4217 432 4291 11.
638 4208 670 4293 Ζ
970 4220 1069 4280 natu·
