2400 4590
199 544 246 575 ..--
317 524 394 589 nu
439 486 870 591 rra-mim:
925 494 949 543 ··’
1027 504 1111 607 ’115

55 668 532 766 mentumpredieatioaia,
564 670 601 749 da
621 670 804 749 ceniuruu
825 690 891 767 per
910 669 1112 767 iudicia-ex

55 786 218 865 utroque
231 767 490 867 Tellamento‚
514 768 690 847 &condia
705 772 925 867 constantiae
943 792 991 851 eu
1010 790 1113 853 matta

58 872 95 947 dt
112 884 209 946 voto
229 872 353 947 eterni
371 872 463 967 ignia
480 870 637 969 &tegni
686 870 870 967 Advetliu
885 872 977 949 banc
989 892 1112 951 mnne

55 970 265 1049 Quinte
278 968 498 1067 potuiileml-
519 970 643 1046 Audio
657 973 763 1045 mana
777 970 929 1047 edietum
945 966 1112 1067 allepr'o-

83 1072 233 1163 alitum,
259 1069 454 1163 &quidem
469 1070 770 1165 peremptorium
794 1070 964 1147 Pontifex
979 1069 1115 1149 scilicet
1172 1084 1180 1119 l

102 1171 259 1263 tuimur,
277 1167 475 1267 Episcopua
491 1168 753 1265 Episcoporum
764 1170 869 1245 dicit:
894 1193 916 1245 e
940 1192 965 1244 o
979 1170 1015 1247 a
1028 1192 1114 1247 ano·

56 1272 148 1347 chia
171 1271 207 1345 u
231 1268 480 1345 fornicatioaia
512 1268 640 1351 dalida
670 1270 903 1363 poemtentia,
975 1272 1038 1347 clia
1062 1271 1114 1347 di·

57 1375 178 1451 mitto.
229 1366 266 1443 0
283 1366 437 1447 edilium
456 1369 514 1443 cui
530 1366 678 1443 adscribi
694 1390 772 1445 non
790 1369 946 1465 poterit,
970 1370 1114 1447 lionunr

57 1470 207 1549 mant
239 1465 290 1543 Et
308 1470 371 1545 ubi
390 1484 618 1564 proponetur
635 1469 828 1545 liberalitas
851 1468 942 1543 istri
970 1470 1116 1551 lbidetu

58 1573 194 1666 opinor
216 1570 254 1643 in
273 1567 353 1663 ipsu
374 1568 559 1643 libidinum
575 1568 718 1661 januis,
744 1565 806 1644 sub
824 1570 906 1663 ipsu
929 1568 1116 1645 libidinum

58 1670 186 1747 amur.
233 1666 312 1745 Illic
328 1667 505 1761 eiusmodi
527 1668 740 1762 penitentia
764 1668 1022 1767 promulganda
1048 1668 1114 1763 elia

57 1772 122 1847 ubi
150 1767 394 1862 delinquentia
416 1765 490 1861 ipsa
512 1764 721 1843 versabitur.
788 1766 866 1843 illic
890 1769 1040 1865 legenda
1064 1766 1117 1845 est

55 1870 191 1961 verda,
215 1888 290 1961 quo
305 1883 387 1943 cum
399 1864 461 1961 spe
477 1868 554 1957 eiua
565 1867 771 1945 intrabitur.
818 1866 890 1943 Sed
906 1868 980 1943 hoc
993 1870 1032 1943 in
1047 1864 1114 1945 Eo

56 1970 162 2047 eleba
178 1968 332 2065 legitur,
365 1968 455 2043 dtin
475 1962 929 2062 Ecclefiaptonuntiatut,
954 1967 990 2042 u
1008 1968 1115 2065 virge

55 2068 130 2148 est..
171 2062 1023 2163 Absatabfitasponfacbaiilitalepreconium.
1049 2068 1116 2145 illa

56 2165 323 2265 quieverant,
342 2167 581 2259 quaepudica,
608 2164 832 2261 quatientia,
859 2168 995 2241 carebit
1006 2167 1115 2243 etiarn

55 2270 195 2351 aurium
210 2269 357 2342 macula.
407 2266 444 2340 N
448 2287 498 2340 on
516 2267 626 2341 habet
640 2269 768 2360 quibua
785 2268 859 2341 hoc
872 2270 1114 2363 repromittat.

55 2368 149 2444 Ean
165 2368 328 2441 habuerit
340 2386 416 2440 non
433 2367 671 2459 repromittit:
696 2369 864 2458 quoniam
884 2369 1115 2443 &terrenum

53 2466 135 2543 Dei
157 2469 325 2560 templum
347 2467 450 2540 citius
472 2465 638 2559 spelunca
659 2469 839 2541 latronum
862 2469 1028 2559 appellari
1048 2488 1114 2559 po·

55 2568 133 2643 tuit
149 2589 170 2640 a
188 2567 379 2660 Domino,
417 2587 522 2659 quam
540 2567 762 2639 moechorum
784 2567 817 2638 &
840 2566 1115 2641 fornicatorum.

55 2666 141 2742 Erit
155 2668 263 2761 igitur
281 2666 316 2737 u
337 2668 396 2740 bic
416 2664 583 2739 adversus
603 2662 797 2755 Psychicos
818 2666 965 2756 titulus,
991 2664 1117 2737 adven
1161 2748 1165 2755 .

56 2767 116 2843 sus
133 2788 222 2841 mee
240 2787 384 2858 quoque
403 2763 585 2839 sententiae
605 2779 706 2835 retro
730 2783 841 2857 penes
864 2763 947 2835 illos
968 2761 1118 2837 societa-
1165 2758 1169 2765 “

56 2882 231 2960 tamquo
246 2870 355 2961 magia
372 2867 445 2940 hoc
459 2863 543 2939 mihi
555 2864 592 2936 in
607 2877 732 2937 notam
748 2862 906 2937 levitatis
921 2861 1116 2956 objectent

56 2965 254 3060 Nunquam
273 2963 453 3039 societatis
466 2965 653 3058 repudium
667 2962 782 3039 delidli
796 2962 1035 3057 prejudicium
1051 2960 1117 3056 est,

58 3066 155 3160 quasi
179 3085 255 3139 non
277 3064 412 3138 facilius
434 3065 477 3140 sat
498 3084 618 3139 errare
643 3085 723 3135 cum
745 3064 935 3156 pluribus,
971 3064 1118 3155 quando

58 3168 195 3241 ventas
217 3185 297 3238 cum
318 3167 440 3258 paucis
458 3180 607 3239 ametur.
657 3161 712 3239 Aa
727 3165 819 3238 enim
837 3183 989 3237 menon
1007 3163 1119 3258 magia
1147 3216 1155 3227 „

60 3265 297 3339 dedecorabit
320 3265 452 3337 inutilis
475 3265 633 3353 levitas,
670 3285 773 3353 quam
801 3264 940 3335 ornarit
967 3282 1118 3335 nocens.

59 3363 153 3440 Non
174 3360 359 3438 iufflmdor
386 3383 510 3436 errore
534 3383 607 3456 quo
631 3363 754 3451 carui,
783 3363 865 3452 quia
889 3359 1035 3434 caraille
1058 3358 1119 3433 de·

59 3462 194 3555 rector.
221 3466 303 3555 quia
316 3463 503 3541 meliorem
516 3484 574 3536 me
591 3461 861 3553 &pudiciorem
878 3456 1118 3553 recognosco.

59 3564 185 3641 Nemo
197 3561 391 3657 proficiens
407 3561 593 3636 erubescit.
620 3559 742 3634 Habet
756 3560 839 3634 &in
853 3557 995 3632 Christo
1010 3559 1120 3632 scien·

61 3666 111 3737 tia
128 3662 363 3759 autminus,
389 3685 454 3758 per
473 3684 558 3754 quaa
573 3661 769 3735 devolutus
787 3659 838 3735 est
857 3657 1120 3749 &Apostoluu

61 3768 170 3856 Quam
185 3762 362 3860 parvulus,
387 3763 522 3855 inquit,
548 3763 651 3853 elion,
678 3778 829 3860 tanquam
847 3764 1003 3855 parvulus
1021 3762 1123 3855 loque·

62 3866 141 3953 bar,
166 3880 328 3960 tamquam
342 3866 494 3958 paruulus
508 3860 670 3957 fipiabmn.
723 3866 771 3931 Aa
787 3862 839 3928 ubi
854 3865 912 3928 uir
917 3859 991 3947 sum
995 3857 1121 3952 fatias,

59 3993 95 4036 ea
111 3990 179 4059 que
190 3968 322 4059 paruula
341 3964 475 4050 fuerant
488 3968 653 4032 evacuavi.
704 3954 814 4032 Adeo
835 3958 993 4032 devertit
1007 3982 1026 4033 a
1045 3954 1124 4032 sen·

59 4065 186 4138 tentiis
207 4062 383 4158 pristinis,
408 4079 477 4134 nec
498 4060 635 4135 idcirco
660 4057 831 4150 deliquit,
864 4060 960 4151 quod
985 4058 1123 4131 amula·

60 4179 123 4239 tor
134 4163 250 4239 saeba
267 4164 319 4239 est
334 4184 413 4239 non
427 4175 653 4331 paternaffim
666 4158 922 4253 traditionum,
946 4154 1124 4332 sedstffbri·

644 4277 665 4346 5
1041 4279 1074 4331 ἃ·
