2400 4590
54 39 1108 355 m

151 504 888 615 onRrsunarcrroraacanrtra.
976 526 1046 619 603

54 690 228 765 tationem
240 687 464 784 subducitur,
479 708 578 784 aetpre
590 686 694 781 perit.
719 684 848 779 Aeque
860 684 956 761 eninr
968 704 1049 760 non

54 808 87 884 ε,
119 790 145 863 ss
166 810 244 862 non
256 786 508 863 resurrexerit
558 782 609 861 Et
627 808 732 879 quarn
753 787 936 880 ineptum,
966 784 1049 860 sain

54 887 251 984 :resurgit‚
275 900 319 962 ut
331 908 408 961 non
419 886 481 981 fit,
499 906 576 980 quae
587 888 709 982 potuit
720 906 797 959 non
809 880 1048 976 resurreiiss'e,

54 1011 62 1061 :
89 985 175 1062 eise:
202 989 378 1078 quianon
401 983 472 1061 ess'e
492 988 565 1081 jam
588 1000 754 1083 caeperat
811 982 904 1057 Non
927 980 1049 1083 misce·

53 1103 127 1159 rtur
142 1088 290 1159 omnino
305 1084 464 1177 diversa,
478 1086 632 1160 mutatio
648 1101 754 1177 atque
768 1080 945 1179 perditio,
962 1102 1051 1176 ope·

54 1208 90 1257 us
103 1187 228 1276 utique
242 1184 389 1261 diversa.
441 1184 563 1275 Perdit
576 1185 673 1279 hnc,
692 1184 753 1258 illa
767 1196 893 1259 mutat
945 1184 1050 1283 Quo·

57 1286 104 1357 do
131 1305 217 1380 ergo
240 1284 340 1376 quod
364 1284 540 1378 perditum
563 1282 641 1376 est,
675 1296 850 1359 mutatum
875 1302 953 1357 non
978 1278 1048 1355 esta

67 1384 165 1474 quod
189 1397 363 1457 mutatum
384 1382 461 1476 est,
496 1382 675 1477 perditum
699 1381 860 1457 nonest.
916 1376 1049 1455 Periss'e

54 1505 115 1575 nr,
147 1481 198 1555 est
215 1483 252 1554 in
271 1497 390 1556 toturn
409 1504 487 1557 non
508 1480 578 1556 effe
598 1482 697 1573 quod
718 1480 844 1555 fuerit:
874 1493 1050 1555 mutatum

54 1605 86 1674 e,
119 1583 221 1655 aliter
245 1580 314 1655 effe
332 1581 394 1657 est„
450 1581 521 1655 Sed
542 1600 654 1675 porro
678 1581 761 1655 duna
783 1582 885 1653 aliter
907 1577 977 1671 est,
1012 1576 1052 1651 id

54 1704 104 1754 rm
125 1680 244 1773 potest
261 1678 353 1753 effe:
386 1681 494 1755 habet
509 1683 603 1755 enim
618 1678 712 1773 effe,
737 1679 837 1771 quod
852 1698 928 1753 non
943 1676 1048 1774 perit

54 1782 237 1852 nationem
251 1780 344 1853 enirn
359 1778 490 1873 paffum
504 1778 574 1873 est,
590 1800 667 1853 non
679 1778 929 1875 perditionem.
980 1775 1049 1851 At·

54 1901 66 1950 e
82 1880 172 1951 adeo
190 1876 309 1971 potest
326 1879 359 1952 dc
376 1878 553 1977 demutari
568 1878 675 1971 quid,
700 1876 736 1951 dt
753 1876 863 1970 ipsum
877 1874 947 1951 effe
961 1876 1053 1951 nihi·

54 1981 171 2071 ninus,
190 1994 231 2048 ut
248 1977 395 2051 &totus
413 1978 525 2051 horno
537 1979 574 2051 in
590 1978 664 2051 boc
676 1996 759 2050 aevo
776 1972 964 2051 substantia
976 1974 1051 2068 qui·

54 2098 76 2150 n
98 2074 171 2169 ipse
196 2078 258 2168 srt,
293 2076 519 2151 multifariam
542 2091 662 2151 tamen
679 2075 902 2149 demutetur:
938 2074 1052 2149 daha·

54 2198 97 2270 u,
126 2175 253 2269 &ipsa
277 2176 524 2269 corpulentia,
555 2174 840 2267 &,valetudine‚
874 2172 1051 2249 &condi-

54 2297 123 2369 ne,
150 2275 184 2349 dr
204 2277 399 2370 dignitate,
427 2275 608 2367 tractate,
632 2272 773 2365 studio,
798 2276 976 2371 negotio,
1000 2292 1054 2349 ar·

54 2377 137 2465 cio,
170 2372 425 2465 facultatibus,
460 2372 626 2467 sedibua,
661 2374 829 2469 legibus,
859 2396 929 2448 nec
954 2376 1054 2466 quic·

54 2495 101 2544 rm
124 2490 242 2543 tamen
260 2472 423 2545 admittat
437 2472 595 2563 homini,
618 2492 689 2544 nec
703 2472 754 2544 ita
766 2474 852 2544 alius
866 2472 1053 2567 efficiatur,

54 2569 163 2642 ceffet
175 2570 269 2642 idem
286 2567 371 2643 esse:
397 2571 470 2644 irno
486 2589 555 2641 nec
569 2569 657 2641 alius
672 2567 844 2662 efficitur,
870 2570 929 2643 sed
946 2570 1051 2644 aliud.

55 2690 100 2741 nc
120 2668 271 2743 formam
296 2669 548 2743 demutationis
565 2667 693 2765 ¹divina
713 2668 820 2741 etiam
836 2667 1054 2742 documenta

54 2768 178 2841 tantur.
235 2766 401 2839 Mutatur
416 2766 511 2840 Mofi
536 2788 659 2840 manus
679 2765 713 2841 dr
734 2765 875 2858 quidem
902 2766 1067 2841 adinstar*

55 2881 196 2957 ortua,
232 2868 401 2961 exanguis
423 2866 458 2939 &
477 2865 662 2961 exalbida,
687 2864 829 2963 frigida:
863 2865 921 2939 sed
944 2866 979 2940 dr
999 2887 1056 2941 re·

54 2981 107 3039 ›to
132 2967 274 3056 calore,
301 2965 336 3037 dc
358 2962 479 3039 refuso
502 2966 649 3058 colore,
674 2966 798 3041 eadem
822 2966 959 3048 caro&
981 2964 1057 3041 san·

57 3088 73 3139 s
98 3067 158 3141 est.
209 3065 375 3138 Mutatur
395 3065 520 3162 postea
542 3064 577 3138 o
596 3063 705 3165 facies
725 3064 905 3159 ejusdem,
928 3066 1054 3140 incon·

54 3166 191 3256 aplabili
207 3166 378 3239 claritate.
427 3162 633 3257 Sed'Moses
646 3177 724 3239 erat
736 3164 888 3258 proinde
903 3169 964 3255 qui
976 3183 1055 3239 non

54 3265 199 3337 [ebatur.
249 3263 307 3335 Sic
320 3265 354 3336 dc
367 3264 567 3357 Stephanus
585 3265 782 3361 angelicum
792 3265 864 3355 jam
880 3262 1055 3360 fastigium

54 3364 180 3455 iuerat,
208 3360 359 3436 sednon
377 3364 444 3436 alia
463 3384 579 3459 genua
598 3364 806 3457 lapidationi
821 3361 1052 3439 succiderant.

54 3462 177 3534 »minus
201 3481 345 3552 quoque
363 3463 399 3536 in
418 3460 550 3535 secessu
565 3463 699 3536 montis
717 3464 823 3537 etiam
842 3460 1055 3541 vestimenta
1121 3484 1124 3489 ·

54 3575 313 3653 emanaverat,
330 3558 390 3634 sed
404 3561 609 3635 liniamenta
619 3560 729 3636 Petro
746 3558 973 3658 agnoscibilia
986 3561 1056 3635 ser·

54 3672 163 3734 verat.
225 3659 299 3732 Ubi
322 3662 429 3733 etiarn
450 3658 602 3752 Moyses
628 3658 833 3754 &Heliaa‚
866 3660 983 3755 alter,
1015 3664 1063 3735 in-

54 3761 148 3854 igine
162 3760 275 3831 carnis
289 3759 449 3834 nondunr
461 3774 630 3854 receptae,
646 3760 735 3833 aiter
746 3760 783 3834 in
795 3760 950 3833 veritate
961 3780 1054 3835 non·

54 3880 83 3930 nr
98 3857 291 3949 defuniiae,
318 3858 465 3933 eandem
486 3873 606 3934 tamen
624 3858 868 3935 habitudinem
887 3862 1064 3953 conpone..

54 3977 107 4031 am
138 3958 173 4030 in
204 3957 318 4054 gloria
351 3955 581 4050 perseverare
612 3960 827 4034 docuerunt
887 3957 948 4033 De
979 3976 1054 4053 quo

54 4059 167 4149 amplo
186 4054 371 4130 instruitur
390 4056 425 4128 dc
444 4054 593 4133 Pauluaa
624 4060 696 4154 Qui
718 4059 976 4153 tranfigurabir,
1002 4061 1056 4132 in·

54 4157 102 4251 it,
126 4178 232 4253 carpus
252 4158 451 4229 bantinus
473 4156 583 4255 noflrae
603 4156 790 4251 conformale
810 4164 930 4251 corpori
948 4161 1065 4252 gioria.

930 4256 1005 4349 sua.
