2468 4530
453 546 796 624 Cnnurun
1083 565 1156 639 γῃ

80 714 134 793 Et
147 714 335 810 proprium
353 724 496 787 mutant
513 710 665 807 vulgato
681 709 828 781 crimine
847 706 978 783 sexum.
1011 800 1014 805 Ι

83 812 250 906 Cumque
268 811 350 885 suos
368 813 554 885 celebrant
569 810 680 899 ritus,
707 810 761 882 his
779 806 849 881 eise
865 809 989 882 diebus

80 916 129 990 Se
150 913 264 988 castos
282 924 506 1000 memorant;
531 924 568 983 at
584 908 610 983 ss
625 908 841 981 tantumodo
859 912 947 979 tune
964 906 1044 981 sunt

83 1017 142 1089 Ut
156 1013 371 1110 perhibent,
392 1010 496 1100 casti3
535 1010 679 1101 reliquo
691 1008 761 1101 jam
778 1024 944 1101 tempore
957 1008 1041 1099 quid
1054 1008 1159 1084 sunt?

81 1115 155 1189 Sed
180 1116 261 1204 quia
279 1124 459 1207 coguntur
476 1107 599 1182 saltem
614 1108 717 1181 semel
739 1105 808 1181 effe
824 1108 958 1201 pudici,

81 1214 217 1289 Mente
229 1211 402 1304 fremunt,
412 1212 573 1283 lacerant
585 1228 733 1301 corpus,
742 1208 968 1300 funduntque
977 1228 1157 1297 cruorem.

84 1315 207 1413 Quale
225 1308 431 1385 sacrum'est
446 1328 561 1401 vero,
588 1308 687 1400 quod
700 1306 817 1381 fertur
832 1309 981 1380 nomine
994 1307 1157 1409 sanguis?

94 1460 102 1473 -
139 1434 172 1488 e.
193 1411 302 1485 Nunc
321 1411 428 1483 etiam
446 1408 557 1501 dicis,
576 1408 675 1500 quod
694 1420 733 1479 te
749 1427 825 1480 non
841 1407 968 1480 iecerit
983 1427 1082 1505 aetas,

87 1510 927 1607 fflmfflmwmmwmmm

95 1610 256 1701 Gallica,
282 1609 325 1682 sit
344 1608 494 1701 pedibus
510 1608 611 1682 molli
630 1607 793 1679 redimita
809 1625 961 1700 papyro.

91 1712 167 1786 Res
187 1708 345 1782 miranda
361 1706 466 1799 satis,
492 1706 698 1799 dejectaque
714 1706 868 1779 cuimine
886 1704 1033 1784 summo.

93 1811 132 1883 Si
150 1811 226 1901 quis
242 1810 285 1881 ab
304 1808 415 1881 Isiaco
433 1804 566 1883 Consul
584 1806 750 1899 procedit
767 1806 802 1877 in
820 1806 960 1901 urbem,

94 1906 199 1983 Risus
216 1910 289 1981 oris
310 1910 398 1995 erits
426 1907 503 1999 quis
524 1923 562 1978 te
580 1926 654 1979 non
673 1905 787 1978 rideat
805 1919 938 1997 autem,
1030 1966 1034 1973 .

93 2009 169 2105 Qui
187 2007 297 2081 fueris
313 2005 471 2097 Consul,
497 2026 595 2079 nunc
615 2005 711 2079 lsrdis
727 2003 796 2077 eise
810 2006 1033 2081 ministrum?

94 2107 282 2206 Quodque
295 2110 409 2201 pudet
423 2106 561 2200 prime,
587 2118 625 2178 tc
641 2125 717 2177 non
734 2104 846 2198 pudet
859 2104 931 2179 effe
951 2104 1133 2204 secundm

94 2206 351 2305 Ingeniumque
370 2220 471 2281 tuum
489 2223 613 2299 turpes
628 2205 794 2278 damnare
813 2226 877 2297 per
894 2206 1050 2298 hymnos

96 2307 354 2400 Respondente
369 2307 435 2379 tibi
455 2308 567 2402 vulgo
586 2306 813 2387 &lacerante
827 2303 970 2395 senatu;

94 2406 226 2497 Teque
242 2406 352 2478 domo
369 2407 515 2497 propria
530 2402 663 2477 victum
683 2426 764 2479 cum
786 2398 936 2479 fascibus
960 2420 1059 2503 ante,

94 2504 207 2579 Nunc
224 2523 371 2595 quoque
384 2524 464 2575 curn
477 2500 577 2575 sistro
593 2501 719 2575 faciem
734 2517 862 2596 putare
875 2506 1048 2583 caninam.

95 2602 186 2679 Haec
200 2624 277 2675 non
292 2602 493 2694 humilitas,
519 2597 578 2672 sed
594 2602 800 2673 humilitatis
815 2603 932 2699 imago
947 2604 1008 2679 est.

95 2700 259 2775 Aedibus
276 2701 338 2774 ilia
352 2703 421 2773 tuis
439 2699 576 2794 semper
590 2718 823 2774 monumenta
838 2705 1044 2782 manebunt.

84 2800 239 2875 Rumor
258 2800 302 2875 ad
317 2798 455 2873 nostras
470 2801 640 2895 pervenit
652 2800 815 2895 publicus
831 2822 949 2897 aures,

97 2898 158 2975 Te
172 2898 325 2974 Dixisse:
351 2898 433 2973 Dea
452 2900 592 2993 erravi,
618 2898 783 2996 ignosce,
809 2900 936 2977 redivi.

97 3000 170 3075 Dic
184 3003 291 3095 mihi,
316 2999 501 3097 srvaleas,
528 3020 635 3091 quum
649 3001 732 3072 talia
748 2998 838 3095 sepe
848 3022 1009 3101 rogaras,

99 3097 148 3171 Et
165 3104 304 3175 veniam
319 3114 482 3195 peteres,
509 3120 587 3190 quae
603 3113 721 3173 tecum
741 3102 850 3173 verba
867 3102 991 3178 locuta
1011 3105 1086 3182 est?

63 3222 71 3253 ¹
102 3202 201 3272 Vere
221 3217 343 3275 mente
362 3220 483 3295 cares,
510 3200 663 3292 sequeris
677 3200 735 3291 qui
756 3216 877 3274 mente
892 3220 1066 3284 carentes.

100 3297 189 3371 Haec
205 3301 333 3373 iterum
350 3301 505 3393 repetis,
532 3316 655 3373 necte
672 3298 879 3392 delinqu'ere
891 3301 1011 3380 sentis.

102 3398 200 3498 Quid
214 3420 396 3491 mereare,
423 3400 530 3488 vide;
556 3401 672 3472 minus
693 3396 779 3473 ess'es
798 3401 897 3475 sorte
914 3406 1110 3507 notandus,

102 3497 139 3570 Si
161 3513 296 3573 tantum
313 3500 385 3571 hoc
403 3498 529 3594 scires,
557 3500 589 3572 ds
609 3502 645 3573 in
659 3501 733 3572 hoc
752 3520 877 3575 errore
891 3524 1075 3598 maneres3

104 3597 156 3670 At
174 3618 254 3673 cum
273 3600 441 3672 vesicula
458 3600 707 3693 penetraveris
723 3600 811 3674 ostia
828 3603 930 3697 legis,

102 3695 152 3769 Et
166 3698 232 3771 tihi
250 3697 350 3771 noiie
365 3698 482 3772 Deum
497 3702 618 3793 paucis
635 3697 818 3773 accesserit
832 3704 952 3789 annis3

105 3796 178 3867 Cur
193 3799 384 3890 linquenda
399 3812 523 3887 tenes,
551 3812 611 3871 aut
627 3820 690 3872 cur
702 3802 889 3876 retinenda
907 3804 1103 3896 relinquis?

104 3892 240 3988 Nrique
258 3901 368 3991 colis,
395 3899 478 3971 dum
498 3898 623 3972 cuneda
641 3901 752 3986 colias
778 3922 847 3973 nec
865 3903 977 3975 corde
994 3906 1162 3985 retractas

87 3994 204 4070 -Vera
220 3998 303 4088 quid
322 4020 341 4069 a
359 3996 473 4091 falsis,
498 4000 584 4091 quid
603 4000 646 4073 ab
664 4002 798 4072 umbris
812 4002 943 4073 lumina
960 4004 1099 4083 distent.

102 4086 359 4193 Philosophum
371 4094 495 4193 fingis,
522 4119 602 4171 cnm
617 4116 655 4169 te
672 4099 844 4172 sententia
857 4116 992 4191 mutet3

100 4192 199 4270 Nam
217 4196 280 4267 tibi
296 4196 318 4267 ss
334 4194 553 4273 stomachum
573 4203 753 4293 popuiaris
770 4206 931 4275 moverit
945 4224 1052 4292 aura3

99 4288 154 4371 Et
170 4294 313 4393 Judeus
328 4297 421 4393 eris,
436 4310 611 4395 tensaque
626 4300 786 4377 incertus
796 4300 957 4398 'haberis

996 4401 1122 4475 indus-
