2400 4590
212 634 288 689 ue
339 612 889 693 recurreram·
992 616 1063 690 621

44 797 75 848 ‚u
98 771 179 850 fiat:
230 775 354 867 ltaque
371 773 408 848 se
425 774 524 848 salvo
543 788 642 849 metu
660 771 779 848 &fide
797 794 966 870 peccare:
991 776 1065 850 hoc

44 877 81 967 l,
105 872 202 948 salva
223 873 382 947 castitate
393 876 622 953 matrimonia
634 876 796 969 violare,
821 873 916 947 salva
930 879 1067 971 pietate
1106 914 1113 973 l

44 978 146 1047 arenti
170 995 350 1047 venenum
375 987 586 1067 temperare.
634 973 694 1047 Sic
719 995 807 1069 ergo
831 973 864 1046 &
886 974 947 1070 ipsi
970 974 1067 1049 salva

44 1077 115 1147 enia
128 1076 164 1147 in
180 1074 376 1171 gehennam
390 1073 644 1165 detrudentur,
660 1073 742 1147 dum
755 1074 854 1147 salvo
868 1087 968 1146 metu
983 1097 1066 1167 pec·

44 1191 102 1249 nrt.
154 1173 307 1245 Primum
322 1175 522 1265 exemplum
538 1172 798 1265 pervastatis,
825 1177 906 1266 quia
922 1175 1064 1268 timent,

44 1278 236 1365 elinquuntr
271 1274 404 1364 opinor
426 1294 503 1343 non
530 1273 795 1364 delinquerent,
821 1273 846 1345 sr
870 1294 945 1346 non
964 1273 1067 1346 time·

47 1389 98 1447 nt.
156 1372 287 1467 Igitur,
315 1373 374 1462 qui
390 1369 511 1444 Deum
532 1373 627 1444 nolit
649 1369 848 1463 offensum,
873 1393 941 1445 nec
961 1393 1067 1446 reve·

47 1487 126 1543 atur
148 1472 320 1559 omnino,
345 1469 371 1542 sr
393 1471 503 1543 timor
522 1468 729 1543 offendendi
746 1473 983 1561 patrocinium
1001 1471 1063 1547 est.

44 1571 74 1642 :d
105 1569 167 1642 ista
197 1572 338 1665 ingenia
370 1568 415 1642 de
439 1568 571 1643 semine
595 1570 864 1663 hypocritarum
890 1571 1064 1667 pullulare

44 1668 246 1761 insumunt,
273 1673 425 1761 quorum
445 1668 629 1741 individua
648 1691 727 1741 curn
744 1670 891 1743 diabolo
909 1671 1063 1745 amicitia

44 1772 77 1861 l,
105 1789 259 1861 quorum
275 1769 484 1860 poenitentia
496 1788 676 1860 nunquam
690 1764 816 1843 fidelis.

76 1872 112 1943 6.
141 1869 322 1969 Quicquid
340 1888 427 1961 ergo
446 1867 675 1940 mediocritas
695 1866 817 1939 nostra
832 1867 875 1939 ad
889 1870 1063 1962 poeniten·

44 1990 87 2039 rm
103 1966 207 2040 semel
222 1964 464 2059 capessendam
476 1966 510 2037 or
522 1982 701 2058 perpetuo
716 1966 970 2041 continendam
986 1967 1062 2065 sug·

47 2087 126 2139 rere
153 2081 284 2138 conata
310 2066 388 2159 est,
428 2084 552 2137 omnes
576 2064 717 2156 quidem
743 2066 885 2138 deditos
911 2068 1061 2141 domino

44 2166 154 2258 ellat,
180 2182 222 2237 ut
243 2187 368 2238 omnes
382 2164 499 2238 salutis
515 2167 550 2237 in
568 2165 810 2257 promerendo
828 2164 912 2239 Deo
928 2169 1062 2262 petito-

44 2288 77 2355 s,
105 2264 164 2338 scd
183 2268 361 2358 praecipue
375 2266 565 2338 novitiolis
578 2262 650 2337 istis
668 2264 839 2339 imminet.
891 2266 1063 2362 Quicum

44 2367 151 2436 trime
182 2366 357 2456 incipiunt
387 2365 516 2437 divinis
550 2362 771 2437 sermonibus
801 2384 901 2437 aures
930 2366 1060 2459 rigare,

44 2465 131 2553 rique
157 2466 263 2533 catuli
285 2463 440 2534 infantiae
458 2463 573 2534 adhuc
593 2466 775 2557 recentis,
807 2485 875 2535 nec
894 2464 1061 2555 perfestis

44 2562 190 2632 minibus
210 2562 346 2644 incerta
363 2573 523 2652 reptant:
550 2560 583 2630 δι
603 2561 726 2633 dicunt
746 2563 886 2653 quidem
908 2564 1061 2654 pristinis

44 2660 234 2749 nunciare,
260 2658 295 2730 dc
315 2659 559 2752 poenitentiam
580 2656 775 2749 assumunt,
803 2657 861 2730 sed
877 2659 1062 2735 includere

45 2781 78 2831 m
98 2759 291 2853 negligunt.
354 2757 563 2851 interpellat
584 2758 677 2830 enim
699 2758 782 2829 illos
803 2757 845 2828 ad
868 2757 1061 2833 desideran-

44 2880 84 2929 rm
102 2880 145 2929 ex
164 2856 314 2950 pristinis
332 2856 483 2948 aliquid,
509 2853 583 2948 ipse
599 2852 680 2928 finis
697 2856 931 2930 desiderandi:
958 2860 1062 2932 velut

44 2980 108 3031 rma
122 2978 202 3029 cum
214 2957 286 3048 jam
301 2958 337 3029 in
356 2975 501 3028 acorem
521 2958 582 3029 vel
597 2955 865 3029 amaritudinem
879 2955 1062 3033 senescere
1141 2990 1147 3019 r

44 3061 203 3150 cipiunt,
238 3077 282 3128 ex
311 3070 413 3148 parte
437 3056 552 3146 aliqua
574 3068 694 3127 tamen
718 3056 832 3129 adhuc
854 3057 915 3148 ipsi
938 3059 1062 3154 gratiae

44 3179 66 3227 a
84 3157 279 3229 adulantur.
332 3155 452 3229 Omne
469 3168 642 3248 praeterea
655 3152 892 3229 cuntlationis
907 3156 941 3229 dt
955 3161 1061 3254 tergi·

44 3257 212 3327 ersationis
230 3276 314 3351 erga
328 3256 572 3348 poenitentiam
588 3255 737 3346 vitium,
764 3253 990 3350 presumptio
1007 3257 1061 3331 in-

44 3353 181 3426 rtlionis
195 3355 378 3447 importat.
431 3353 529 3426 Certi
545 3354 637 3428 enirn
651 3353 856 3426 indubitatae
871 3358 986 3427 veniae
1001 3356 1061 3435 de·

44 3456 185 3545 torum,
212 3456 365 3527 medium
383 3469 523 3547 tempus
542 3453 683 3527 interim
700 3452 887 3546 furantur,
914 3453 1061 3531 &com-

44 3568 155 3626 eatum
179 3552 240 3625 libi
261 3553 398 3625 faciunt
419 3552 670 3645 delinquendi,
698 3572 800 3645 quam
820 3552 1061 3631 eruditionem

44 3676 76 3726 rn
99 3651 337 3743 delinquendi.
396 3654 514 3748 Quam
535 3673 648 3744 porro
671 3653 851 3745 ineptum,
876 3672 979 3744 quam
994 3655 1060 3727 ini·

44 3776 128 3844 um,
156 3752 400 3844 peonitentiam
421 3773 498 3823 non
518 3751 733 3843 adimplere,
760 3751 795 3823 dt
813 3752 954 3824 veniam
973 3752 1060 3827 deli-

44 3872 136 3924 >rum
163 3846 360 3924 sustinere?
395 3852 467 3924 hoc
487 3849 558 3942 est,
594 3853 748 3943 pretium
769 3870 846 3922 non
872 3851 1086 3947 erthibere‚'¹

57 3971 210 4024 mercem
233 3971 377 4023 manum
399 3951 573 4024 emittere.
626 3950 711 4022 Hoc
735 3948 829 4021 enim
850 3950 969 4041 pretio
991 3952 1059 4026 do·

46 4071 112 4122 nus
128 4052 269 4122 veniam
286 4051 449 4122 addicere
462 4048 627 4121 instituit:
645 4049 712 4120 hac
727 4048 944 4143 penitentie
959 4070 1059 4125 com·

44 4148 203 4221 nsatione
235 4148 477 4222 redimendam
506 4148 683 4239 proponit
712 4148 968 4243 impuritatem.
1020 4148 1057 4223 Si

44 4270 83 4346 go
100 4250 161 4339 qui
172 4249 386 4340 venditant,
401 4248 499 4343 prius
511 4264 708 4341 nummum,
727 4265 801 4341 quo
815 4244 1055 4343 paciscuntur,

464 4381 471 4399 ·
938 4364 1028 4413 exa-
