2400 4590
100 512 176 607 '290
242 510 292 609 Q.
316 505 454 582 Srrr.
478 504 627 583 Fron.
650 501 1018 579 Trerunnrrrrr

102 692 209 767 quam
239 668 355 743 adhuc
385 666 564 743 dominus.
611 662 667 739 At
696 668 759 741 ubi
791 663 958 739 universa
984 664 1166 759 perfecit,

101 767 284 866 ipsumque
305 765 367 841 vel
390 768 543 842 maxime
564 766 768 859 hominem,
796 768 856 858 qui
881 768 1029 859 proprie
1051 765 1163 839 domi·

100 891 170 945 nus
192 865 484 943 &intelledurus
499 879 595 959 erat,
620 866 788 939 dominus
805 866 912 938 etiam
928 866 1164 961 cognomino·

102 986 226 1061 turus,
250 980 339 1040 tunc
359 968 466 1042 etiam
483 966 648 1040 dominus
664 986 798 1039 nomen
815 965 986 1059 adjunxit
1046 966 1097 1036 Er
1110 991 1164 1037 ac-

101 1076 184 1167 cepit
207 1074 296 1139 fleus
318 1069 486 1156 ominus,
517 1068 673 1137 hominum
692 1092 780 1163 quem
793 1068 924 1157 finxir3
952 1066 1001 1136 Et
1018 1070 1164 1163 precepit

100 1172 246 1243 miuus
269 1172 369 1243 Dm.
430 1162 490 1239 Ac
512 1166 643 1240 exinde
670 1166 835 1239 dominus
855 1165 916 1256 qui
937 1181 1038 1237 retro
1061 1164 1162 1239 Deus

101 1282 274 1360 tantum,
307 1288 354 1341 ex
379 1286 454 1357 quo
479 1264 632 1358 habuit,
669 1268 769 1358 cujus
795 1262 892 1338 esset.
942 1263 1038 1338 Nem
1060 1264 1163 1339 Deus

99 1370 166 1443 fibi
184 1379 290 1461 erat,
321 1367 430 1439 rebus
454 1380 574 1440 autem
598 1380 686 1439 tunc
708 1366 810 1437 Deus
829 1384 909 1438 cum
932 1364 1162 1441 &dominun

100 1464 215 1565 Igitur
224 1468 263 1540 in
274 1479 444 1558 quantum
455 1465 597 1558 putabit
608 1465 693 1539 ideo
704 1465 887 1539 materiam
897 1463 1034 1557 semper
1048 1462 1166 1558 stride,

102 1567 185 1661 quia
204 1567 369 1641 dominus
385 1563 521 1659 semper
541 1562 647 1639 effett
672 1564 710 1637 in
726 1580 867 1639 tantum
885 1564 1065 1636 constabit
1076 1563 1166 1639 nihil

101 1664 224 1760 mine,
252 1666 334 1759 quia
351 1664 491 1739 constat
505 1663 692 1747 dominnm
706 1685 785 1737 non
797 1662 933 1758 semper
949 1662 1062 1739 fuisse.
1087 1660 1167 1737 Ad·

98 1767 219 1861 jiciam
237 1765 273 1839 b
286 1786 356 1862 ego
373 1780 525 1859 propter
540 1786 618 1839 non
630 1764 887 1859 intelligentes,
904 1782 1059 1856 quorum
1071 1762 1168 1837 Her·

100 1887 273 1961 mogenes
294 1878 455 1939 extrema
471 1866 567 1939 linea
577 1863 655 1957 pest:
681 1866 715 1937 dr
732 1863 873 1957 quidem
889 1884 935 1936 ex
951 1864 1166 1958 poenitentit

101 1966 196 2041 illius
223 1968 448 2057 retorquebo
476 1964 643 2038 adversus
666 1964 777 2039 illum.
828 1963 920 2037 Cum
940 1964 1036 2035 enim
1054 1974 1167 2137 neft

102 2063 286 2141 materiam
306 2078 425 2137 natam
447 2077 509 2137 rut
525 2062 672 2157 factam,
697 2063 745 2137 src
764 2084 911 2156 quoque
928 2062 1081 2135 invenio
1124 2082 1165 2137 oa

102 2166 188 2237 mini
212 2183 347 2237 nomen
366 2162 451 2235 Deo
476 2184 551 2236 non
575 2162 782 2256 competisse
799 2166 835 2236 in
855 2163 1057 2237 materiam:
1081 2161 1164 2253 quit

102 2265 215 2337 libera
228 2264 338 2335 fuerit
353 2260 491 2335 necesse
508 2262 579 2355 est,
605 2285 683 2356 quae
700 2265 874 2358 originem
887 2283 965 2335 non
979 2260 1163 2357 habendo,

102 2384 180 2445 non
212 2363 336 2435 habuit
363 2361 571 2451 autiorem3
610 2362 710 2454 quod
735 2379 813 2435 erat
836 2363 969 2436 nemini
993 2360 1166 2436 serviens.

102 2462 228 2554 ltaque
243 2484 288 2533 ex
303 2483 377 2553 quo
394 2462 496 2535 Deus
509 2460 722 2556 potestatem
735 2462 829 2535 suam
842 2463 1006 2535 exercuit
1016 2463 1054 2533 in
1072 2482 1168 2556 eam,

99 2562 271 2663 saciendo
290 2584 335 2634 ex
349 2564 514 2637 materia:
541 2562 664 2636 exilio
680 2564 827 2635 materia
842 2563 1026 2635 dominum
1044 2561 1168 2635 Deum

104 2660 223 2757 pessa,
260 2660 478 2735 demonstrat
503 2663 605 2759 hoc,
637 2663 737 2737 illum
764 2677 837 2736 tam
864 2661 925 2734 diu
951 2683 1029 2737 non
1061 2657 1166 2735 suiss‘e

105 2784 211 2856 quarn
223 2762 285 2834 diu
298 2762 366 2833 suit
383 2763 467 2837 hoc.

178 2883 214 2949 4.
240 2860 336 2933 Hinc
360 2861 512 2952 denique
534 2860 700 2959 incipiam
721 2862 766 2935 de
785 2862 932 2935 materia
956 2858 1165 2955 retractare,

105 2960 205 3051 quod
229 2982 306 3031 eam
323 2960 422 3031 Deus
442 2962 504 3033 srbi
529 2980 732 3055 comparet,
760 2964 912 3057 proinde
932 2968 1009 3032 non
1028 2975 1166 3054 natam,

102 3059 258 3153 proinde
280 3078 356 3131 non
377 3058 524 3152 sadum,
556 3062 711 3152 proinde
735 3077 920 3134 aeternam:
952 3061 1024 3132 fine
1044 3061 1167 3153 initio,

104 3157 176 3231 srne
201 3153 274 3227 fine
298 3157 491 3248 proposito.
556 3160 647 3259 Quis
674 3162 766 3233 enim
792 3160 879 3233 alius
911 3162 980 3232 Dei
1016 3155 1169 3253 census,

106 3278 211 3350 quam
230 3254 438 3328 aeternitas?
466 3258 543 3348 quis
567 3260 654 3331 alius
674 3261 883 3333 eternitatis
902 3259 1032 3350 status,
1060 3278 1170 3349 quam

105 3358 241 3449 semper
261 3352 361 3428 fuisse
384 3356 417 3427 dr
434 3356 592 3431 futurum
609 3359 698 3451 esse,
718 3385 762 3433 ex
779 3361 1017 3455 praerogativa
1031 3358 1167 3430 nullius

105 3456 197 3529 initii
214 3455 248 3528 &
264 3456 393 3528 nullius
412 3452 520 3529 sinis?
547 3456 631 3530 Hoc
647 3461 671 3533 s1
687 3460 758 3534 Dei
778 3461 828 3533 est
840 3460 1040 3556 proprium,
1056 3454 1172 3531 solius

104 3555 176 3628 Dei
196 3558 289 3649 erit,
316 3556 416 3649 cujus
440 3556 490 3629 est
506 3559 702 3650 proprium.
753 3560 824 3635 Sed
840 3561 922 3651 quia
940 3560 974 3631 o
991 3558 1015 3630 s1
1034 3556 1092 3628 alii
1108 3557 1169 3629 ad·

104 3654 297 3749 scribatur,
321 3657 391 3748 jam
404 3678 479 3729 non
496 3659 563 3730 erit
578 3657 648 3733 Dei
662 3664 870 3754 proprium,
897 3659 955 3732 sed
972 3676 1171 3731 commune

105 3775 187 3829 cum
210 3776 255 3828 eo
274 3756 330 3827 cui
355 3756 388 3827 dr
409 3752 625 3832 adscribitur.
678 3760 773 3833 Nam
796 3762 830 3833 dr
849 3760 873 3834 sr
895 3758 1000 3851 sunt,
1032 3758 1094 3848 qui
1115 3756 1170 3829 di·

104 3868 235 3926 cuntur
255 3854 336 3947 Dii,
363 3856 437 3929 sive
455 3856 491 3927 in
510 3860 627 3951 coelo,
654 3859 728 3932 sive
745 3858 783 3934 in
800 3872 896 3933 terra
914 3859 1082 3931 nomine:
1111 3878 1176 3929 ee·

103 3966 221 4029 terum
240 3974 331 4027 unus
349 3954 450 4028 Deus
472 3972 595 4051 pater,
627 3980 673 4031 ex
694 3980 767 4052 quo
785 3960 924 4033 omnia:
958 3978 1032 4049 quo
1052 3958 1172 4053 magis

103 4054 197 4148 opud
215 4072 284 4125 nos
299 4054 405 4127 solius
423 4056 493 4129 Dei
511 4055 581 4131 esse
598 4056 750 4153 debeat,
777 4058 875 4153 quod
891 4059 960 4132 Dei
977 4055 1173 4152 proprium

103 4153 172 4227 est:
196 4150 291 4227 &ut
309 4150 383 4225 dixi
393 4156 466 4244 jam
483 4175 561 4229 non
574 4157 763 4252 proprium
781 4159 892 4254 esset,
920 4159 1002 4253 quir
1020 4158 1176 4329 agerius

1014 4278 1034 4329 e
1064 4273 1116 4333 et.
