2468 4530
443 547 784 627 Cerussa
1072 563 1141 641 pm

79 716 154 792 Hic
172 714 275 789 aliter
294 709 404 786 versae
422 726 575 787 moerent
591 688 760 787 miracula
777 711 922 786 forme:

81 815 250 907 Namque
260 834 383 889 comes
393 813 619 907 coniux,heu
629 835 686 888 me
695 814 788 887 male
797 827 874 886 tum
886 807 1144 908 quoquelegir,

81 914 113 991 F
114 915 239 989 oemina
252 935 329 987 non
343 914 506 1007 patiens,
533 912 656 986 divina
668 913 712 986 ad
725 930 906 987 murmura
921 909 1001 982 coeli
1017 948 1025 975 ι

81 1012 251 1090 Audaces
268 1016 398 1086 oculos
412 1014 648 1106 nequicquam
663 1010 739 1085 sola
752 1010 912 1103 retorsit,

83 1112 176 1189 Non
192 1114 357 1187 habitura
377 1114 476 1205 loqui
494 1113 593 1205 quod
609 1113 758 1186 viderit:
784 1113 819 1185 δι
834 1109 933 1185 simul
947 1109 1021 1183 illic

81 1213 126 1289 Iu
141 1212 301 1310 fragilem
318 1226 456 1286 mutata
468 1212 596 1305 salem,
622 1210 720 1284 stetit
737 1209 811 1305 ipsa
831 1208 1070 1304 sepulchrum,

80 1312 229 1407 Ipsaque
243 1314 361 1409 imago
375 1312 461 1403 sibi,
488 1310 641 1385 sormam
660 1311 734 1385 fine
752 1330 911 1404 corpore
928 1306 1083 1383 servans.

81 1412 203 1486 Durat
219 1412 334 1486 adhuc
355 1412 489 1487 etenim
508 1411 605 1485 nuda
620 1410 774 1485 statione
790 1408 852 1483 sub
867 1410 1028 1501 aethram,

80 1510 165 1587 Nec
185 1512 317 1605 pluviis
333 1508 462 1607 dilapsa
477 1512 565 1603 fitu,
591 1532 661 1583 nec
676 1512 794 1584 diruta
811 1510 940 1583 ventis.

83 1612 290 1712 Quinetiam
304 1612 328 1709 .s¹
344 1611 657 1702 quismutilaverit
671 1610 810 1685 advena
825 1608 992 1701 formam,

80 1711 253 1786 Protinus
270 1734 316 1785 ex
335 1708 406 1785 sese
423 1708 583 1807 suggestu
605 1711 757 1783 vulnera
772 1708 943 1803 complet.

81 1808 226 1884 Dicitur
248 1811 427 1883 derivem
443 1811 514 1883 alio
528 1810 601 1901 iam
616 1829 797 1903 corpore,
821 1806 924 1881 sexus

82 1904 282 1983 Munificos
297 1909 405 1984 solito
422 1908 627 2007 depungere
643 1905 812 2006 sanguine
824 1905 973 1982 menses.

33 2068 35 2073 .
132 2034 168 2102 ᾳ
193 2007 381 2105 Nusquam
396 2009 477 2085 sunt
495 2008 666 2102 Sodomi,
691 2028 864 2102 nusquam
879 2004 1142 2179 illprumimpia

935 2118 1046 2181 uceot

80 2208 236 2285 Moeuia:
253 2230 335 2282 cum
350 2208 502 2283 dominis
514 2209 641 2283 domus
652 2208 770 2283 omnis
779 2207 885 2303 inops
896 2208 947 2281 ita
955 2224 1143 2298 nusquam,

80 2310 184 2385 Tota
196 2329 307 2403 rogus
323 2309 426 2404 regio
443 2308 516 2402 est,
543 2308 626 2381 hinc
642 2322 723 2381 atro
739 2309 896 2382 horrore
910 2306 1057 2401 favillae,

80 2409 249 2499 Hincque
265 2407 332 2480 srtu
351 2428 444 2481 cano
463 2409 599 2482 cineres
618 2408 782 2482 incendia
800 2408 948 2503 signant

84 2506 233 2580 Occidit
252 2506 312 2578 illa
325 2507 426 2596 prior
441 2505 583 2598 feritas,
609 2527 712 2598 quam
730 2506 950 2601 prospiciens
965 2503 1074 2578 Loth.

83 2604 215 2679 Nullus
232 2618 308 2677 arat
323 2603 449 2678 frustra
462 2606 582 2698 piceas
597 2602 745 2701 fuligine
759 2605 890 2701 glebas.

82 2706 364 2797 Semiperempta
376 2706 483 2779 etiam
503 2704 528 2778 sr
545 2724 616 2797 qua
629 2704 703 2777 illic
712 2704 858 2801 jngere,
882 2706 981 2779 letas

36 2846 43 2855 ·
82 2803 259 2885 Autumni
277 2814 457 2877 conantur
477 2824 591 2897 opes,
618 2802 724 2877 facile
739 2802 877 2897 optima
895 2800 965 2877 sese

80 2904 307 2981 Promittunt
321 2904 457 2988 oculis,
481 2905 582 2997 pira,
606 2902 762 2999 persica,
789 2902 963 2977 &omnia
977 2900 1084 2997 mala,

83 3004 221 3081 Donec
237 3016 448 3096 carpuntur:
473 3024 554 3077 nam
571 3004 738 3097 protinus
755 3002 1035 3099 indicendum,
1094 3048 1096 3053 <

81 3103 248 3180 Solvitur
263 3104 300 3176 in
315 3105 495 3197 cinerem,
519 3098 564 3177 fit
577 3124 673 3177 vana
685 3088 879 3196 favillaque
893 3124 1053 3203 pqmuru.

81 3203 143 3278 Sic
160 3202 266 3299 igitur
283 3206 377 3276 coelo
390 3203 525 3296 pariter
537 3219 704 3296 terraque
718 3200 880 3297 sepultis,

82 3302 167 3378 Nec
183 3322 281 3375 mare
298 3303 395 3375 vivit
411 3303 484 3397 ibi,
508 3322 608 3378 mors
625 3300 676 3378 est
687 3304 793 3381 maris
810 3304 871 3377 illa
883 3301 1010 3396 quieti,

81 3402 197 3493 quue
213 3403 344 3475 animat
358 3404 477 3477 nullus
491 3423 556 3500 per
574 3402 700 3477 anhela
713 3402 902 3477 volumina
916 3400 1065 3479 lindius:

84 3500 270 3603 Quodque
282 3502 389 3575 etiam
400 3502 521 3595 patrio
535 3522 717 3596 nunquam
730 3500 876 3596 suspirat
893 3502 937 3576 ab
952 3500 1087 3597 austro,

84 3600 269 3699 Quodque
284 3615 392 3673 cavet
405 3602 571 3694 proferre
583 3602 734 3696 aliquam
747 3602 792 3675 de
805 3602 946 3699 gurgite
960 3616 1107 3698 gentem

84 3700 365 3796 Squamigeram,
391 3701 524 3776 laevive
539 3716 625 3777 cute
643 3704 703 3776 vel
723 3704 864 3795 cortice
875 3700 1023 3795 septam,
1090 3734 1100 3753 ’

84 3801 157 3873 Vel
172 3797 318 3893 crispam
330 3801 520 3892 concham,
537 3814 600 3875 aut
612 3800 746 3895 duplici
757 3801 970 3899 compagine
981 3798 1143 3879 usuum

84 3900 211 3973 Solum
226 3901 300 3972 illic
311 3902 458 3993 propria
468 3903 641 3974 mentitur
655 3900 756 3999 fruge
762 3902 946 3997 ‘bitomem

84 3997 208 4074 Exusti
222 3998 336 4095 fuligo
351 4003 475 4092 maris,
502 4000 603 4093 quod
618 4001 762 4073 vividus
779 4001 887 4075 ardor

86 4098 219 4171 Subter
230 4096 351 4194 stagna
368 4120 529 4192 coquens
548 4099 593 4173 de
610 4096 830 4193 sulphuris&
847 4099 924 4175 salis
944 4096 1029 4175 aestu

85 4196 304 4290 Temperat,
329 4196 437 4291 inque
448 4200 566 4294 picem
585 4198 647 4272 dat
665 4212 769 4273 terre
786 4200 923 4275 herere
941 4202 1122 4275 marinam.

84 4296 276 4375 Invehitur
293 4300 447 4397 proptio
463 4318 550 4379 cum
562 4310 730 4395 ternpore
742 4300 875 4399 pingue
888 4314 1055 4469 cremgltts
1202 4398 1229 4523 1

1025 4414 1105 4469 nus
