2468 4530
131 512 207 583 610
280 504 329 603 Q.
354 500 481 577 Sera
504 498 654 577 Fron.
678 496 1061 578 Taurunnrarrr

26 706 30 713 .
82 732 88 747 ,
132 688 216 745 nem
233 664 406 741 hedenus
422 684 499 739 eam
517 664 681 737 voluerit
695 662 861 755 operari:
886 662 1032 739 idcirco
1047 676 1090 739 tu
1105 682 1194 763 nega

133 770 190 843 bis
207 762 432 841 necessariam
449 764 500 837 illi
521 783 769 935 compapnem
787 760 999 859 pristinam,
1026 778 1071 838 ut
1084 766 1196 840 exinde

131 871 205 963 jam
219 878 447 955 vacaturam,
475 882 555 937 cum
575 860 640 937 soli
670 860 754 934 aluti
771 863 877 934 navis
897 862 975 936 fine
994 867 1196 960 operatione

26 984 31 999 ·
135 967 345 1041 conveniat.
409 963 518 1059 lgitur
539 965 612 1037 hoc
634 960 888 1035 tantummodo
911 960 1055 1037 discere
1073 964 1194 1057 sufficit,

135 1084 180 1139 an
204 1066 369 1139 dominus
389 1058 572 1137 hominem
595 1059 694 1135 saluti
721 1061 955 1155 destinando,
987 1084 1131 1139 carnem
1150 1066 1196 1139 de

134 1166 292 1237 stinarit:
323 1178 369 1235 an
387 1161 535 1235 eandem
555 1158 646 1235 uelit
667 1160 787 1235 denuo
805 1156 898 1253 effe,
926 1182 1040 1254 quam
1058 1164 1196 1238 nonde

133 1265 235 1337 bebis
253 1260 288 1335 dr
303 1256 423 1335 sutura
438 1262 679 1335 membrorum
695 1260 889 1333 vacatione
903 1262 1137 1353 praescribere
1148 1264 1194 1337 de

133 1382 211 1435 nuo
230 1354 300 1435 ell'e
314 1378 391 1434 non
408 1357 519 1453 polle.
570 1360 678 1433 Licet
694 1360 788 1433 enim
805 1356 874 1433 ess'e
896 1362 987 1452 quid
1010 1362 1149 1458 denuo,
1169 1362 1194 1435 d

133 1461 369 1535 nihilominus
385 1476 536 1533 vacare:
558 1481 629 1533 nec
646 1459 765 1553 potest
780 1474 902 1533 autem
917 1458 994 1533 dici
1011 1482 1157 1555 vacare,
1175 1460 1192 1536 l

133 1572 210 1633 non
230 1560 282 1634 srt
339 1552 632 1652 uterinum,
659 1558 797 1663 poterit
818 1556 853 1632 ἃ
872 1578 954 1633 non
981 1583 1135 1659 vacare,
1154 1561 1192 1635 ni·

132 1660 184 1732 hil
202 1662 296 1732 enim
313 1657 405 1751 apud
426 1658 545 1732 Deum
561 1659 716 1733 vacabit.

207 1762 268 1834 61,
293 1754 365 1831 Sed
391 1756 557 1851 accepisti
584 1760 697 1831 homo
724 1774 766 1828 os
793 1750 837 1828 ad
861 1758 1078 1835 vorandum
1102 1774 1188 1853 atque

20 1942 23 1951 Ι
132 1858 352 1951 potandum:
379 1874 443 1929 cur
458 1874 535 1931 non
555 1860 677 1951 potius
694 1858 735 1929 ad
754 1857 1030 1954 eloquendum,
1056 1878 1100 1933 ut
1115 1884 1134 1933 a
1147 1882 1187 1931 ce·

133 1956 220 2029 teris
237 1956 444 2031 animalibus
463 1956 594 2031 distesl
621 1974 686 2030 cur
699 1977 774 2029 non
798 1958 921 2048 potius
943 1957 992 2032 ad
1014 1962 1189 2055 praedicar·

132 2053 216 2129 dum
232 2050 380 2128 Deum?
414 2070 456 2127 ut
478 2057 583 2129 etiam
600 2052 805 2129 hominibus
823 2054 983 2133 antistes.
1039 2060 1188 2151 Denique

131 2148 249 2225 Adam
271 2166 353 2226 ante
371 2156 516 2225 nomina
538 2152 744 2228 animalibus
766 2156 1006 2253 enunciavit,
1036 2158 1186 2251 quamde

131 2256 261 2325 arbore
277 2252 467 2345 decerpsit:
497 2264 579 2326 ante
600 2256 707 2327 etiam
720 2250 985 2349 prophetavit,
1015 2280 1121 2351 quam
1137 2278 1186 2329 vo

129 2353 237 2427 ravit.
288 2348 361 2425 Sed
382 2350 547 2445 accepisti
571 2352 696 2426 dentes
724 2354 766 2425 ad
787 2355 979 2428 macellum
1004 2358 1185 2431 corroden-

130 2450 236 2525 dumr
269 2472 333 2522 cur
355 2472 432 2524 non
456 2454 578 2545 potius
607 2452 651 2526 ad
674 2470 816 2527 omnem
845 2452 985 2529 hiatum
1013 2456 1049 2529 dr
1079 2456 1184 2530 rium

130 2564 233 2624 tuum
257 2550 534 2625 coronandum?
563 2570 626 2625 cur
639 2570 715 2625 non
736 2553 857 2645 potius
875 2551 919 2625 ad
935 2554 1061 2645 pulsus
1077 2558 1184 2653 lingua

131 2648 409 2744 temperandos,
443 2646 486 2723 ad
512 2654 615 2724 vocis
639 2650 807 2725 articulos
835 2650 1046 2730 ossensrone
1069 2656 1184 2754 signan-

129 2748 227 2822 dos?
263 2750 417 2841 denique
441 2752 476 2822 dt
496 2748 698 2825 edentulos.
757 2746 827 2823 Sed
854 2751 934 2824 audi
962 2754 999 2827 dt
1020 2754 1128 2847 vide,
1156 2764 1185 2824 ut

127 2848 307 2921 honorem
321 2852 414 2939 oris,
443 2850 664 2946 &organum
680 2850 839 2923 dentium
855 2868 1006 2941 quaeras.
1067 2854 1183 2929 Forata

127 2944 209 3019 sunt
224 2946 365 3020 inferna
384 2950 421 3020 in
440 2946 523 3021 viro
544 2954 577 3021 dr
595 2953 632 3023 in
654 2943 815 3043 femina,
843 2952 1014 3026 nimirum
1036 2974 1109 3048 qua
1122 2956 1184 3028 libi·

128 3046 229 3118 dines
253 3044 417 3120 fluitent:
451 3066 514 3121 cur
537 3066 612 3122 non
634 3051 743 3145 magis
765 3066 834 3140 qua
859 3042 1052 3127 defluxura
1078 3058 1184 3127 colen·

127 3142 218 3217 turs
254 3140 317 3218 Est
343 3145 459 3220 adbuc
482 3147 622 3221 seminis
648 3152 766 3241 intus,
809 3168 881 3239 quo
905 3142 1042 3225 semina
1068 3172 1183 3249 conge

126 3258 272 3333 rantur,
308 3266 352 3318 an
373 3268 445 3337 quo
468 3247 642 3341 sanguinis
662 3264 774 3319 onera
794 3239 986 3343 secedant,
1023 3271 1128 3345 quem
1145 3252 1182 3345 pi·

125 3344 226 3439 grior
251 3342 352 3416 sexus
376 3344 551 3418 discutere
573 3368 649 3419 non
672 3346 825 3420 sufficit?
862 3346 1035 3424 Dicenda
1052 3350 1182 3428 enlm&

124 3442 220 3535 haec,
240 3457 413 3535 quatenus
429 3465 506 3536 quae
520 3448 654 3519 volunt
667 3447 701 3519 dt
715 3447 866 3537 qualiter
879 3444 1039 3545 volunt,
1061 3454 1181 3543 &utto

122 3556 203 3613 rum
217 3544 350 3614 volunt
365 3540 482 3615 officia
495 3548 737 3619 membrorum
750 3544 943 3619 ludibriose
961 3550 1009 3622 de
1017 3546 1180 3625 industris

123 3636 366 3715 suffundendae
384 3642 650 3718 resurrectionis
669 3648 867 3719 oblatrant:
893 3668 971 3719 non
988 3653 1178 3749 recogitare

83 3816 90 3827 x
121 3752 177 3811 tes
190 3738 278 3833 ipsas
291 3741 389 3834 prius
406 3740 536 3814 caussas
555 3746 766 3819 necessitatis
783 3760 870 3817 tunc
887 3764 1104 3844 vacaturas,
1121 3740 1178 3821 cibi

119 3834 271 3931 samem,
307 3839 462 3933 &potus
478 3842 589 3937 srtim,
622 3844 888 3918 &concubitus
906 3851 1130 3942 genituram,
1154 3844 1179 3919 d

117 3933 345 4036 operationis
362 3939 505 4016 vidlum.
557 3942 704 4018 Sublata
721 3947 813 4018 enim
830 3962 976 4039 morte,
1004 3970 1124 4041 neque
1136 3944 1178 4018 vi·

112 4040 195 4121 stus
211 4036 433 4121 fulcimenta
449 4042 497 4115 ad
512 4042 674 4136 preludia
686 4044 798 4128 nite,
811 4064 933 4131 neque
976 4052 1095 4121 eneris
1114 4044 1178 4137 sup·
1211 4098 1224 4215 p

103 4162 299 4245 paratura
318 4147 449 4249 praua
465 4138 740 4219 eritmembria.
782 4136 959 4205 Quarum
1011 4144 1177 4292 aaa&
