2400 4590
108 570 160 649 70
248 544 1006 652 Q.Snrr.Fton.Tnnruun1xrr1

108 710 274 807 nentium,
286 692 380 785 uero
400 707 637 785 commendat.
698 708 821 783 Habet
840 690 949 805 igitur
968 706 1030 782 ille
1053 702 1170 801 perse·

109 812 260 886 vetandi
279 808 539 901 nccessitttem,
565 810 625 883 hic
645 826 760 903 porro
784 808 891 883 etiam
911 828 988 883 non
1008 804 1169 881 nubendi

107 908 335 1009 potestatem.
384 908 530 983 Tuncsr
545 908 735 982 secundum
752 908 959 1003 scripttutm
972 907 1033 1001 qui
1045 907 1083 979 in
1096 926 1169 980 mo·

109 1008 445 1125 trimoniotgentilit
466 1030 487 1083 a
509 1005 581 1081 fide
600 1008 941 1125 deprehenduntur,
973 1018 1172 1122 propterea

43 1236 47 1251 .
108 1130 189 1283 ἲιὶἒῖ
205 1110 688 1301 bilibibuublit
701 1103 1170 1305 libldtltitillitb

107 1308 137 1385 fi
152 1321 329 1389 extranee
344 1310 439 1381 carni
453 1306 760 1399 commisceantur,
776 1303 990 1381 sanctificare
1002 1326 1079 1379 eam
1091 1324 1174 1381 non

106 1406 178 1483 srnt
201 1406 432 1501 deprehensi:
464 1406 536 1481 Dei
566 1421 684 1481 autem
736 1406 826 1479 tatia
854 1405 942 1479 illud
964 1400 1172 1498 saneaficat,

108 1506 211 1600 quod
227 1507 384 1581 invenit:
418 1508 467 1579 itt
487 1508 585 1599 quod
608 1428 812 1581 sanctificari
834 1526 912 1581 non
932 1506 1081 1599 potuit,
1106 1504 1173 1577 im·

108 1605 282 1681 mundum
302 1604 371 1680 est:
404 1606 503 1701 qnod
524 1606 742 1681 immundum
757 1604 835 1699 est,
869 1626 949 1681 cum
962 1602 1082 1679 saneto
1092 1619 1177 1679 nou

108 1705 220 1782 habet
237 1718 399 1799 partem,
425 1706 488 1781 nisr
503 1719 546 1780 ut
566 1706 610 1782 de
625 1704 689 1779 suo
702 1708 865 1801 inquinet
879 1702 914 1779 dt
927 1702 1082 1779 occidat.

186 1826 219 1895 3.
247 1804 430 1881 Herceum
450 1806 501 1879 ita
522 1804 610 1901 srnt,
635 1801 759 1880 fideles
779 1804 965 1903 gentilium
986 1803 1173 1879 matrimo-

108 1903 171 1979 nia
191 1900 401 1998 subeuntes,
433 1904 543 1999 stupri
558 1926 642 1979 reos
665 1902 734 1979 ess'c
749 1902 910 1997 constat,
937 1902 1172 1979 &arcendos

109 2004 157 2077 ab
171 2004 269 2077 omni
283 2004 611 2079 communicatione
620 2003 867 2097 fraternitatis,
886 2024 933 2079 ex
946 2002 1061 2077 literis
1069 1998 1176 2099 Apo·

108 2100 193 2178 stoli
214 2101 386 2195 dicentit,
414 2108 491 2176 Cum
513 2106 661 2203 ejusmodi
682 2128 739 2175 mc
758 2105 861 2175 cibum
874 2104 1070 2193 fumarium.
1120 2100 1177 2177 At

108 2201 274 2294 nunquid
296 2204 433 2279 tabulas
458 2204 635 2377 nusstiales
662 2203 707 2279 dc
731 2206 795 2277 illo
815 2204 908 2298 apud
929 2202 1085 2277 tribunal
1111 2201 1176 2276 do·

111 2300 199 2377 mini
221 2302 477 2394 proferemus?
539 2303 839 2381 tmatrimonium
861 2304 931 2377 rite
951 2300 1177 2377 contratrum

112 2401 367 2495 allegabimus,
400 2404 499 2497 quod
523 2403 646 2477 vetuit
662 2401 761 2497 ipse?
794 2424 872 2477 non
892 2402 1105 2477 adulterium
1124 2398 1178 2475 est

113 2498 214 2593 quod
229 2500 468 2593 prohibetur?
501 2524 577 2577 non
592 2502 750 2597 stuprum
771 2502 849 2578 est?
881 2500 1042 2577 extranei
1060 2502 1176 2577 horni-

111 2598 168 2673 nis
182 2598 355 2693 admilsro,
380 2604 496 2677 minus
511 2605 682 2699 templum
695 2602 767 2678 Dei
784 2604 921 2696 violat,
940 2603 1056 2675 minus
1067 2622 1176 2675 mem·

111 2698 179 2771 bra
194 2696 322 2773 Christi
341 2721 421 2776 cum
438 2702 604 2777 membris
620 2701 790 2778 adulterae
802 2699 1035 2777 commiscet?
1061 2698 1175 2797 Quod

110 2794 243 2889 iciam,
270 2820 347 2873 non
362 2798 478 2875 firmus
496 2802 630 2895 nostri,
658 2802 716 2877 scd
729 2806 848 2898 pretio
867 2802 997 2897 empti,
1023 2800 1059 2875 u
1079 2798 1175 2891 quali

112 2896 268 2991 precio?
283 2896 541 2993 sanguineDci.
584 2902 773 2976 Laedentes
787 2904 895 2999 igitur
909 2898 1175 2991 cornemium,

113 3013 198 3066 eum
219 2994 388 3073 laedimus.
437 3000 499 3073 De
520 3002 688 3093 proximo
708 3000 792 3093 quid
813 3001 874 3076 srbi
895 3001 1017 3073 voluit
1033 3001 1094 3073 ille
1115 2998 1177 3093 qul

113 3090 229 3184 dixit,
255 3092 422 3171 delictum
438 3098 580 3193 quidem
596 3098 666 3173 elle
680 3114 853 3183 extraneo
866 3100 1025 3191 nubere,
1037 3098 1098 3173 sed
1112 3098 1177 3173 rnl·

113 3191 270 3284 mnium,
298 3212 379 3269 cum
391 3198 474 3271 aliae
490 3197 640 3293 seposita
657 3201 773 3274 cornis
788 3198 922 3291 injuria·
931 3199 975 3273 ad
988 3198 1174 3275 dominum

113 3291 339 3389 pertinentis.
392 3294 512 3371 Omne
529 3298 694 3373 delicium
711 3298 957 3374 voluntarium
972 3298 1010 3373 in
1026 3298 1176 3373 domino

114 3392 249 3491 grande
263 3392 315 3469 lit.
367 3396 518 3495 Quanto
533 3398 798 3493 enimpotestas
813 3398 951 3473 vitandi
964 3397 1054 3490 fuit,
1069 3410 1179 3471 tanto

115 3492 354 3569 contumacia
384 3495 519 3572 crimen
553 3512 748 3579 oneratum·
795 3496 1056 3575 Recenseamus
1081 3516 1181 3571 nunc

115 3604 246 3667 caetera
265 3594 476 3691 periculo&
500 3598 674 3694 vulnera,
708 3614 750 3673 ut
772 3598 883 3691 dixit,
907 3596 992 3673 fidei
1013 3599 1057 3672 ab
1076 3592 1180 3689 Apo·

116 3686 213 3765 stolo
230 3692 395 3787 provisa,
421 3716 499 3771 non
513 3698 628 3773 carnis
647 3712 788 3775 tanturn
806 3719 935 3773 verum
951 3698 1058 3771 etiam
1072 3696 1180 3789 ipsrut

116 3786 260 3905 spiritus
283 3792 526 3872 molestiffimu
590 3800 681 3899 Quis
704 3800 798 3873 enim
823 3798 966 3874 dubitet
994 3794 1183 3871 obliterari

119 3888 272 3963 cottrdie
288 3888 395 3971 fidem
413 3899 632 3973 commercio
653 3896 815 3973 infideli?
839 3902 960 3975 bonos
979 3912 1187 3995 utrumme

117 4010 218 4105 morer
232 3990 501 4081 ubsalulmiorm
513 3998 617 4086 mdc,
642 4011 778 4091 quanto
795 4001 906 4095 magis
920 3995 1133 4091 conjrrndtus
1147 3994 1186 4071 dt

118 4088 326 4165 undixiduult
342 4094 450 4171 ulus?
483 4099 631 4203 Q'uaevis
645 4099 774 4177 mulier
786 4096 901 4174 fidelis
917 4098 1103 4173 dominum
1117 4098 1185 4173 ob·

119 4184 242 4296 fervet
258 4190 399 4272 neceffe
421 4196 496 4295 cst,
529 4198 565 4276 dt
585 4200 773 4297 quomodo
790 4200 886 4301 [περ
909 4196 1025 4277 declus
1032 4200 1186 4391 :purus

1053 4324 1133 4373 eer-
